4142 6342
166 323 180 342 .
261 279 311 339 iil

262 395 396 468 preconis
418 408 530 467 munere
543 404 606 451 anto
625 395 689 452 illud
704 394 823 468 iungitur
839 411 846 449 ι
865 393 993 452 Dominus
1012 412 1058 452 ac·

263 469 352 538 eedit,
365 473 394 526 et
413 467 509 526 serviis
533 469 713 542 praemittitur.
736 467 789 524 Sed
801 466 865 539 quid
889 481 939 538 ego
958 467 1058 523 deserti

265 539 481 614 pradicationem
504 555 679 612 praoccupo,
699 555 761 595 eunt
778 539 829 594 alia
855 539 919 596 anibi
936 539 1058 610 aptandam

264 611 395 668 mirabilis
407 621 435 668 et
447 625 541 684 tnagna
556 628 606 668 vox
630 621 752 682 suppetat
766 612 977 684 prooemiorum?
990 609 1060 666 Sunt

265 683 365 755 quippe
375 698 457 756 opera
473 685 557 754 prima
572 683 630 739 istis
642 683 811 739 sermonibus
830 682 979 768 superiora.
992 680 1059 736 llam

177 764 180 770 “
265 769 326 809 curn
339 753 425 808 adbuc
448 754 564 825 Baptista
580 756 605 810 itt
618 763 695 810 utero
708 755 801 809 matris
812 752 954 820 habttaret,
972 753 1061 808 adhue

265 834 368 880 natura
392 825 504 897 vinculis
517 826 686 897 implicatus,
708 823 797 882 adltuc
817 824 945 881 maternis
971 823 1061 879 lasciis

265 894 424 956 obvolutus.
439 898 573 968 praeconio
583 897 698 970 quodam
722 897 825 951 bantini
840 895 981 952 advevttum
995 909 1060 964 pro·

265 965 384 1021 clatnst:
405 963 518 1025 Factum
531 979 577 1034 est,
599 970 694 1040 inquit,
709 977 735 1022 att
747 966 843 1022 audiuit
858 965 950 1020 liorioe
960 967 1062 1020 soluta-

266 1037 358 1092 tioaent
371 1035 493 1108 Elisabet,
509 1039 642 1096 exsultarit
656 1041 742 1112 infern
754 1040 782 1092 in
794 1049 866 1092 utero
879 1037 934 1108 ejas
944 1034 1019 1119 (Luc.
1032 1035 1059 1090 l.

266 1106 322 1178 ll).
334 1105 458 1162 Nondum
474 1113 602 1175 nascitur,
614 1120 641 1165 et
655 1109 876 1166 exsultationibus
890 1107 1062 1179 gestibusque

268 1178 402 1250 loquitur:
418 1179 535 1236 nondum
552 1181 670 1237 ciamare
684 1180 855 1248 permittitur,
870 1189 896 1235 et
919 1195 953 1234 cs
971 1178 1062 1248 operi·

269 1249 320 1303 bus
333 1249 461 1306 auditur:
488 1253 608 1306 nondum
622 1256 710 1306 vivore
728 1253 821 1318 discit,
836 1259 864 1306 et
886 1248 970 1305 Deum
994 1264 1063 1321 prae-

269 1319 383 1375 nurvtiat.
399 1320 465 1378 lere
480 1321 523 1377 alii
547 1322 749 1388 laboraverunt,
770 1331 798 1377 et
827 1335 877 1378 nos
904 1321 931 1376 io
956 1319 1062 1376 labores

268 1405 360 1445 eorum
382 1389 551 1449 introivimus
566 1391 654 1464 (loun.
667 1396 692 1446 t.
708 1391 753 1464 38)
770 1411 776 1446 z
790 1393 936 1450 clamantes
948 1391 1064 1461 propbe-

269 1469 303 1514 ιιι
319 1461 517 1532 praedicebant,
532 1481 565 1519 ne
585 1464 846 1519 necomiceseebant
859 1461 994 1532 percussi;
1016 1477 1064 1531 pa-

270 1530 444 1589 triarcharum
460 1481 604 1589 cuneus'ln
619 1535 738 1605 periculo
761 1533 919 1589 versabatur
935 1549 943 1589 ι
957 1533 1063 1604 tyranni

268 1601 344 1670 quasi
376 1605 435 1658 acie
459 1605 588 1659 instructa
610 1604 837 1672 adversabantor;
866 1604 966 1658 bellum
996 1603 1065 1657 inie-

269 1672 363 1729 rebant
384 1688 477 1744 reges:
502 1675 616 1744 populns
641 1675 679 1730 ira
706 1675 921 1740 accendebatur;
937 1675 1064 1728 mundus

270 1742 410 1809 universus
420 1743 553 1812 iustorum
569 1760 598 1800 se
608 1746 800 1801 certaminibus
813 1745 995 1800 adversarium
1016 1759 1065 1814 op-

269 1813 401 1882 ponebat;
422 1813 484 1869 binc
499 1815 678 1872 tribunalibus
692 1816 866 1883 sinebantur,
882 1815 955 1871 illinc
973 1816 1067 1887 bagel-

268 1883 301 1953 lis
321 1882 552 1946 dilacerabantur:
577 1887 695 1956 undiquc
729 1887 859 1957 supplicia
888 1897 968 1956 atque
1000 1903 1064 1941 cru·

189 2006 191 2009 .
268 1953 363 2008 elatus.
377 1953 454 2009 Vertit
471 1954 498 2011 in
519 1965 591 2010 tanta
605 1959 666 2011 vite
690 1957 795 2012 miseria
811 1956 963 2014 constitutis
982 1959 1063 2012 baem

270 2023 374 2096 ityeotis
397 2023 515 2080 ioantrcs
543 2025 657 2082 ielicitcr
681 2027 826 2095 nuntians,
848 2027 936 2084 adbuc
962 2036 1065 2082 naturae

270 2093 441 2152 ittcunabuiis
454 2097 569 2164 vinctus,
579 2097 695 2154 salutare
708 2114 755 2153 ver
769 2099 846 2153 nobis
859 2098 1063 2166 demonstravit,

269 2177 293 2220 et
302 2180 448 2235 properans
460 2181 527 2223 voce
542 2168 690 2237 praedicare
705 2183 784 2238 quem
798 2170 854 2224 suis
866 2169 977 2240 pedibus
991 2168 1065 2223 iradi-

269 2237 349 2302 cavit,
361 2235 478 2293 violabat
492 2239 565 2309 ipsas
580 2240 773 2313 naturaleges,
786 2255 818 2295 ac
829 2254 1002 2311 permmpere
1012 2247 1066 2294 tcr-

270 2307 358 2361 minos
377 2308 545 2365 conabatur:
562 2310 720 2366 tardeenim
743 2311 889 2380 parientcpt
902 2308 1065 2366 Elisabetam

270 2377 404 2448 pulsabat,
424 2379 586 2445 exsultabat,
607 2381 740 2452 simulque
750 2382 851 2438 saltans
875 2391 902 2436 ct
924 2382 1066 2452 indignans

270 2447 340 2571 pluod
355 2449 441 2503 vulvae
455 2451 632 2522 compedibus
646 2462 798 2518 teneretnr;
820 2453 951 2508 adversus
975 2452 1067 2522 perio·

290 2533 333 2574 utu
348 2518 479 2575 mensium
491 2521 642 2578 clamabat:
657 2531 790 2594 tamquam
803 2524 1066 2608 iniquumcarceretn

270 2589 441 2644 concutiebat
453 2591 610 2657 tnatricem,
632 2603 659 2648 et
675 2593 914 2649 sttbsnltationtbns
932 2595 988 2649 suis
1004 2595 1066 2650 talia

270 2657 392 2740 qtraedam
423 2663 586 2731 proloquens
606 2663 725 2720 Elisabet
754 2665 933 2735 compellabat
957 2686 964 2722 ι
988 2663 1067 2722 Facis

271 2725 407 2799 talariam,
423 2744 440 2785 o
455 2734 531 2788 tarde
544 2735 651 2802 pariens
663 2744 758 2799 mater,
773 2751 834 2806 quae
847 2736 921 2791 orbis
934 2744 1066 2791 terrarum

269 2799 394 2870 gaudium
408 2800 523 2870 detines,
537 2813 565 2858 ct
579 2807 652 2860 exire
671 2815 746 2860 vetas
765 2821 961 2878 praecursorem
978 2821 986 2860 τ
1002 2823 1066 2876 pro-

271 2870 379 2940 plietam
392 2881 468 2927 utero
490 2875 648 2930 conclusum
669 2886 777 2945 gestas;
797 2879 899 2946 regium
923 2877 1066 2936 satellitem

271 2941 397 3009 cobibes;
414 2945 533 2999 velocem
547 2944 660 3018 impedis
674 2945 812 3018 religionis
823 2961 971 3004 cursorem.
988 2947 1068 3006 Facis

271 3011 407 3080 injuriam,
432 3027 449 3068 o
471 3023 574 3082 mater;
590 3017 678 3071 lutura
699 3033 752 3072 non
772 3019 851 3086 nosti,
873 3033 933 3088 quat
954 3027 1067 3075 ventura

271 3090 334 3137 sunt
345 3083 442 3138 nescis.
471 3084 528 3140 Lnr
551 3100 615 3143 ecce
636 3087 734 3155 adest,
750 3089 824 3144 solve
844 3089 991 3145 diluculum
1005 3111 1011 3148 :
1026 3089 1067 3145 sol

273 3153 410 3220 exoritur3
422 3153 518 3212 lucifer
530 3170 594 3228 ergo
608 3156 750 3229 praeluceat
768 3179 775 3215 :
791 3159 873 3216 iustas
887 3160 989 3216 loribus
998 3161 1068 3218 Ver-

272 3221 353 3292 bum,
381 3233 408 3277 et
424 3225 479 3294 jarn
499 3242 566 3296 opus
592 3238 634 3286 est
657 3244 723 3284 voce
739 3243 806 3300 :pro
860 3240 902 3286 est
928 3246 1065 3302 sponsus:

272 3305 378 3375 aequttm
392 3303 435 3350 cst
446 3311 511 3368 ergo
522 3296 578 3371 janu
593 3297 738 3355 thalamum
757 3301 783 3355 in
813 3303 914 3358 ordane
927 3305 1041 3358 reserari
1058 3321 1066 3359 a

271 3375 478 3436 sangntoeopus
491 3376 547 3434 est,
566 3385 619 3439 quo
636 3367 751 3427 mundus
764 3372 930 3441 redimatur,
946 3383 972 3428 et
996 3389 1065 3430 mea

273 3430 353 3504 louge
372 3446 478 3517 oportet
500 3454 597 3514 agnum
616 3440 699 3517 digito
717 3451 878 3500 monstrare.
898 3445 1066 3516 implicatum

273 3502 476 3588 estltomtnum
501 3525 586 3581 gertus
600 3511 702 3587 peccati
722 3512 813 3569 insciis
832 3525 859 3570 et
878 3517 1065 3587 compedibus,

273 3583 346 3629 ventt
366 3591 411 3658 qut
432 3580 599 3650 compeditos
619 3583 748 3638 exsolvat.
765 3584 917 3656 accensure
939 3600 1007 3657 opus
1026 3597 1068 3643 est

272 3655 420 3713 acauntto,
433 3657 462 3704 ut
473 3665 567 3706 omnes
580 3650 709 3709 admoniti
731 3655 836 3711 obviarn
859 3657 973 3713 Domino
1005 3657 1067 3714 rotl-

272 3726 351 3789 esttt;
362 3725 468 3802 etecce
483 3721 509 3775 in
526 3729 601 3778 utero
619 3724 722 3780 detines
749 3725 957 3782 Prmcttrsorem.
994 3730 1068 3785 eniat

271 3797 336 3857 ergo
351 3787 399 3844 ttbt
410 3791 436 3844 itt
451 3799 579 3860 mentem,
593 3810 609 3849 o
624 3803 710 3854 tttatet·
735 3794 866 3853 Adanttnn
882 3799 953 3869 apud
966 3799 1067 3856 inieras

271 3857 397 3940 detineri,
420 3859 502 3917 ilvam
519 3872 558 3918 tot
569 3863 625 3934 jam
636 3837 744 3922 saeculis
764 3865 939 3942 ingemiscere
956 3886 963 3923 a
979 3871 1068 3926 adbuc

271 3941 344 3999 emm
359 3930 456 4013 clamat
477 3937 584 4006 sanguis
607 3936 674 3992 libel
697 3945 725 3994 et
746 3938 874 3998 adversus
890 3938 956 3997 (lain
973 3941 1067 3997 eadem

270 4009 390 4080 epponis,
405 4003 483 4074 eique
497 4002 552 4076 ipsa
563 4016 725 4077 corigetnunt
738 4006 880 4068 elementa.
897 4010 999 4068 idcirco
1009 4028 1068 4070 otu·

272 4069 491 4152 tnnoliberorum
505 4076 653 4133 sterilitatis
667 4081 773 4134 miseria
789 4081 902 4138 liberata
917 4097 958 4152 es,
973 4091 1002 4139 ut
1013 4090 1068 4139 ste·

272 4138 329 4194 rtits
345 4139 416 4196 iilius
426 4145 536 4216 virginis
559 4147 641 4203 litium
656 4148 805 4206 indicaret:
820 4152 920 4209 idcirco
945 4156 973 4210 itt
989 4164 1067 4212 utero

608 4280 941 4289 „ma—*ffiq
1015 4284 1019 4290 ‚
1027 4284 1048 4291 -

928 328 932 334 .
1023 281 1159 344 sebnia.

735 4547 740 4554 ,

1856 281 1909 339 'tes

1112 411 1163 468 ego
1174 393 1316 460 exsultavi,
1331 400 1360 453 ttt
1372 407 1406 450 ne
1418 391 1531 464 amplius
1554 391 1580 447 in
1595 391 1696 447 mundo
1710 389 1833 446 diabolus
1845 395 1909 449 eltut-

1112 467 1309 536 reasagitaret.
1335 463 1411 520 Talia
1433 465 1523 536 ltaque
1551 458 1669 519 nonibnn
1690 472 1770 518 nattrs
1793 464 1910 522 loannes

1114 538 1256 594 Elisabctm
1281 536 1337 591 suis
1363 535 1586 591 exsultationibus
1614 534 1768 590 innuebat:
1797 535 1909 606 bbenbn,

1113 618 1198 664 autem
1211 606 1342 679 impletum
1355 616 1392 662 est
1405 617 1502 680 tempus
1514 607 1641 676 pariendi,
1658 617 1680 660 et
1695 608 1792 678 peperit
1808 607 1911 674 dissors

1114 690 1139 735 et
1157 680 1292 735 andierunt
1313 679 1388 733 sicini
1407 691 1429 732 et
1449 679 1550 750 cognati
1568 680 1633 750 eitra
1655 680 1716 747 quia
1737 681 1909 752 magnificavit

1114 749 1241 805 Dentibus
1254 749 1451 805 misericordium
1470 765 1544 803 suurn
1557 765 1614 804 nvn
1628 750 1684 816 ilie,
1701 759 1724 804 et
1747 752 1907 822 conpensata,

1115 823 1206 877 bantur
1217 824 1249 876 el.
1265 821 1402 896 Etpastum
1411 829 1455 884 est,
1472 821 1498 874 in
1512 831 1599 876 octauo
1613 823 1654 875 die
1663 830 1783 876 uenerant
1799 823 1908 878 nrertrnt

1114 893 1199 948 cidere
1212 900 1348 964 paemnet
1360 892 1481 946 uocabant
1494 907 1550 946 mm
1558 893 1746 964 nombrepotris
1759 893 1910 949 suiZoslts·

1114 966 1181 1020 riom
1195 980 1205 1018 .·
1218 972 1240 1019 et
1250 961 1405 1033 respondens
1415 972 1495 1018 muter
1506 965 1561 1036 ejus
1573 963 1639 1019 dicit
1654 979 1665 1019 .·
1681 961 1816 1020 Vocabitur
1827 963 1913 1020 Jona-

1116 1051 1171 1092 nes.
1186 1034 1330 1090 innuebant
1340 1043 1425 1088 autent
1438 1034 1505 1106 putri
1516 1034 1580 1104 ejus,
1590 1034 1652 1104 quid
1664 1034 1738 1091 mter
1747 1036 1833 1090 vocari
1842 1053 1915 1090 eunt·

1116 1115 1140 1162 st
1149 1104 1280 1179 posnam
1293 1105 1461 1177 pugillarem,
1481 1107 1599 1174 scripsit,
1615 1107 1720 1171 dicens,
1744 1104 1858 1161 ioannes
1874 1113 1938 1161 es·⁵·

1116 1195 1207 1233 nomen
1221 1177 1285 1262 ep'ns.
1302 1177 1334 1231 Et
1346 1177 1498 1231 nrirotisttnt
1509 1177 1628 1232 estiensi.
1641 1176 1763 1247 Apertum
1776 1187 1812 1231 est
1827 1187 1912 1232 autern

1116 1265 1144 1303 os
1155 1249 1210 1320 ejus
1224 1247 1304 1315 silico,
1330 1257 1353 1302 et
1368 1249 1456 1320 linpua
1473 1249 1536 1318 eius,
1558 1257 1582 1302 st
1603 1248 1750 1320 loquebatur
1765 1248 1913 1302 benedicens

1116 1319 1200 1375 Deum
1219 1323 1227 1392 t
1243 1317 1306 1374 Luc.
1328 1320 1354 1374 l.
1369 1319 1402 1374 at
1415 1317 1470 1374 -bt
1482 1319 1502 1402 l.
1522 1317 1612 1389 ltaque
1629 1320 1730 1390 paritur
1759 1317 1858 1384 iulans,
1886 1329 1913 1375 et
2003 1362 2005 1366 .

1117 1391 1197 1446 sinrul
1217 1406 1268 1445 vott
1289 1389 1371 1458 patris
1392 1397 1535 1444 revertatur
1554 1408 1559 1441 :
1576 1391 1615 1444 sic
1635 1390 1707 1446 enim
1732 1404 1783 1445 vor
1801 1390 1915 1446 ioannis

1117 1462 1236 1516 elnnans
1249 1460 1399 1524 indicatum
1415 1460 1631 1531 quandoquidem
1643 1461 1730 1529 ipsunt
1747 1475 1845 1516 nomen
1854 1461 1912 1514 elil-

1117 1533 1216 1588 cacitas
1231 1531 1304 1587 vocis
1318 1530 1614 1604 expressitligoenim,
1629 1531 1724 1604 inquit,
1735 1531 1915 1587 nosternon-

1118 1603 1150 1657 tis
1164 1605 1190 1657 iu
1200 1602 1298 1658 deserto
1313 1601 1500 1659 :Purateoianr
1513 1601 1625 1670 Donrini,
1635 1614 1716 1657 rectos
1727 1603 1803 1674 [acite
1812 1605 1916 1657 semitas

1118 1676 1173 1745 ejus
1186 1670 1275 1747 (loen.
1292 1673 1319 1730 l.
1333 1673 1390 1748 25).
1402 1668 1468 1727 liam
1481 1689 1542 1729 com
1558 1672 1684 1743 aSpiritu
1693 1683 1787 1729 saneto
1799 1673 1917 1730 illustra·

1119 1753 1162 1802 tns
1176 1752 1258 1812 essct,
1272 1743 1427 1801 Creatorem
1440 1746 1570 1802 creaturis
1595 1744 1738 1811 indicabat,
1749 1752 1776 1799 et
1789 1745 1917 1800 condito·

1119 1831 1177 1872 rem
1191 1815 1315 1870 otnnibns
1330 1815 1412 1884 digito
1424 1816 1528 1870 intento
1542 1815 1718 1882 monstrabat,
1735 1831 1832 1886 magna
1848 1827 1916 1869 voce

1139 1887 1299 1950 reclamans,
1313 1884 1379 1939 Eece
1388 1902 1469 1956 ugnus
1483 1885 1541 1951 bei,
1553 1888 1595 1954 qni
1609 1886 1813 1957 tollitpeeeotum
1827 1883 1919 1940 nsandi

1119 1901 1201 2026 ridie.
1219 1974 1242 2011 u.
1256 1956 1315 2026 29).
1337 1955 1426 2011 Facite
1438 1971 1498 2028 erpo
1509 1961 1608 2029 [ructon
1627 1958 1718 2027 dipnos
1740 1959 1918 2030 penitentiae:

1118 2037 1141 2080 et
1151 2043 1182 2082 ne
1195 2027 1319 2096 ceperitis
1330 2027 1413 2082 dicere
1424 2027 1493 2081 intre
1502 2044 1561 2090 uos,
1577 2026 1681 2081 Patrem
1697 2027 1816 2082 babentes
1834 2026 1919 2080 Abro-

1119 2097 1188 2151 bons.
1204 2095 1270 2152 Dico
1282 2099 1349 2151 enirn
1363 2097 1442 2162 uobis,
1450 2099 1512 2168 puio
1524 2106 1611 2164 potetas
1621 2107 1658 2153 est
1668 2096 1739 2152 Deus
1748 2098 1780 2152 de
1790 2099 1920 2223 lapidibus

1118 2169 1173 2224 istis
1186 2169 1308 2223 suscitare
1321 2169 1389 2236 filios
1404 2168 1515 2224 Ababa
1529 2169 1538 2240 l
1555 2167 1649 2223 lluttb.
1664 2169 1691 2222 5.
1705 2171 1732 2223 8.
1746 2169 1764 2226 9
1777 2167 1800 2241 ).
1838 2182 1916 2223 ernm

1119 2238 1182 2310 quid
1194 2251 1284 2294 nostra
1297 2237 1355 2294 base
1366 2241 1452 2294 tarutio
1465 2255 1526 2294 enm
1543 2241 1600 2310 ipso
1611 2239 1718 2294 inlantis
1732 2239 1845 2296 ferventi
1859 2239 1920 2294 zelo

1122 2311 1228 2380 longius
1242 2310 1334 2380 etipsa
1349 2310 1526 2381 provehitur?
1547 2311 1759 2382 compescamus
1782 2324 1872 2374 nune,
1895 2309 1919 2366 si

1119 2381 1233 2449 videtur,
1249 2381 1356 2437 interim
1371 2381 1487 2452 linguam
1499 2389 1629 2450 nostram,
1638 2397 1697 2452 quae
1709 2379 1775 2436 satis
1787 2395 1921 2451 superque

1119 2469 1180 2508 cum
1197 2451 1327 2507 iniantnlo
1341 2453 1494 2508 exsultavit.
1511 2451 1657 2507 Laudabile
1671 2452 1770 2523 quippe
1784 2461 1827 2507 est
1839 2465 1921 2507 enar·

1120 2525 1250 2578 rationem
1274 2538 1334 2578 cum
1355 2534 1475 2594 tempore
1496 2521 1662 2587 commetiri,
1681 2531 1709 2579 et
1731 2523 1764 2577 iis
1777 2537 1836 2594 quae
1849 2523 1920 2577 dicta

1120 2603 1193 2663 sarno,
1215 2610 1244 2648 so
1269 2605 1404 2665 tamqnam
1419 2595 1523 2648 deliciis
1545 2595 1691 2656 oblectare,
1707 2602 1920 2665 consequentem

1119 2675 1210 2721 autem
1224 2665 1478 2735 contemplationem
1493 2673 1664 2734 exspectare.
1679 2664 1745 2720 Nara
1770 2679 1858 2733 neque
1871 2679 1919 2719 na·

1121 2745 1187 2793 tura
1200 2736 1276 2808 leges
1291 2736 1513 2792 exsultationibus
1526 2735 1645 2806 Baptista
1661 2741 1845 2806 transgressus
1867 2743 1919 2798 est,

1120 2808 1167 2864 sed
1183 2805 1241 2876 ipse
1261 2821 1368 2884 quoque
1386 2808 1550 2862 conveniens
1573 2817 1677 2877 tempns
1701 2807 1877 2877 exspectavit,
1892 2813 1920 2861 ut

1139 2879 1163 2932 ni
1179 2877 1262 2955 probe
1273 2884 1364 2932 nosset
1378 2877 1435 2933 iure
1451 2887 1478 2932 nt
1493 2888 1602 2950 propter
1622 2893 1671 2934 uos
1691 2885 1751 2948 post
1767 2878 1854 2948 ipsunt
1871 2877 1920 2932 boe

1120 2895 1250 3005 lominus
1262 2947 1420 3018 adimpleret
1430 2949 1551 3004 clamans
1566 2969 1572 3004 :
1588 2948 1735 3020 neptettrur
1748 2957 1815 3002 terro
1834 2949 1920 3020 capai-

1121 3021 1188 3074 tione
1207 3017 1322 3085 Domini,
1338 3021 1402 3076 siout
1416 3035 1482 3094 nque
1497 3021 1576 3075 rrrrtltu
1595 3021 1630 3074 od
1651 3019 1816 3088 operiendum
1840 3020 1921 3074 ntaritr

1121 3089 1245 3166 (Halon
1261 3090 1289 3145 2.
1302 3090 1336 3144 tt
1352 3099 1360 3158 )
1374 3109 1380 3145 :
1395 3101 1432 3156 et,
1446 3092 1483 3146 tt
1503 3103 1560 3146 utu
1576 3091 1637 3145 solis
1653 3107 1733 3162 usqne
1745 3091 1780 3144 od
1803 3105 1920 3144 occasum

1121 3161 1290 3232 clarificatam
1303 3171 1340 3217 est
1355 3177 1444 3216 nomen
1461 3178 1543 3217 nreurrt
1559 3171 1601 3216 :et
1614 3163 1640 3216 iis
1663 3163 1732 3216 omni
1746 3161 1801 3215 ioco
1816 3157 1920 3226 offertur

1121 3234 1218 3288 nomini
1240 3249 1295 3287 meo
1317 3233 1471 3300 sucrificium
1493 3233 1617 3288 muntium
1641 3231 1726 3306 (ttnt.
1743 3231 1769 3286 l.
1785 3231 1815 3288 ll
1827 3231 1849 3304 ).
1863 3231 1920 3286 Non

1121 3304 1192 3360 enim
1206 3303 1272 3375 jam,
1286 3315 1313 3358 nt
1327 3303 1393 3374 legis
1404 3311 1535 3374 tempore,
1553 3319 1634 3358 unum
1646 3313 1687 3358 est
1701 3302 1918 3372 ternplum,quutl

1122 3375 1252 3431 sacrificia
1263 3375 1388 3448 excipiat,
1405 3376 1530 3446 quodque
1545 3375 1596 3429 iliis
1607 3375 1694 3429 solum
1710 3374 1858 3446 glovietttt·;
1875 3371 1920 3430 sed

1122 3447 1148 3502 in
1162 3445 1290 3502 universo
1306 3455 1438 3500 terrenum
1452 3449 1518 3502 orbe
1530 3447 1574 3499 liei
1591 3446 1704 3514 gloriam
1721 3443 1850 3500 Ecclesiae
1864 3445 1921 3500 sita·

1120 3527 1183 3574 cera
1200 3517 1297 3588 pictate
1311 3516 1474 3572 collaudant.
1490 3516 1527 3571 lbi
1542 3515 1661 3586 potatiiex
1677 3525 1734 3570 orat
1750 3530 1819 3569 ursus
1831 3517 1859 3568 in
1874 3529 1920 3570 an·

1121 3603 1170 3643 stus
1189 3589 1319 3658 slrrgulos,
1337 3589 1411 3660 isque
1427 3589 1557 3652 mortalis,
1578 3597 1604 3642 et
1618 3589 1692 3641 ornari
1711 3587 1921 3656 peccatorepte-

1121 3669 1164 3714 tus
1181 3659 1253 3729 :jam
1265 3665 1418 3713 nostrarum
1435 3659 1587 3729 porrtillcem
1604 3659 1755 3713 animarum
1767 3657 1920 3727 accepimus

1120 3729 1212 3786 lesum
1223 3727 1368 3796 Cirristnnt,
1386 3729 1437 3798 Qui
1451 3743 1580 3802 peccorum
1594 3746 1644 3784 nort
1657 3729 1726 3802 fecit,
1749 3743 1793 3782 neo
1807 3730 1921 3782 inuentus

1121 3809 1158 3855 est
1169 3801 1243 3856 dolus
1256 3801 1281 3854 in
1290 3816 1333 3856 ore
1343 3803 1398 3874 ejus
1411 3802 1420 3872 (
1432 3802 1457 3854 i.
1475 3801 1543 3856 Petr.
1557 3800 1584 3854 Ξ.
1598 3801 1634 3854 22
1643 3804 1662 3870 ).
1687 3800 1814 3854 liniemus
1836 3799 1919 3865 enim,

1122 3871 1217 3944 inquit,
1229 3873 1373 3942 pontificem
1387 3887 1517 3943 ntngnurn,
1530 3877 1572 3946 qui
1583 3872 1720 3938 prettetrnoit
1730 3871 1816 3936 coelos,
1830 3869 1920 3922 Denti-

1121 3959 1181 3997 num
1195 3940 1404 3998 nostrumlesttnt
1415 3945 1542 3998 Citristtnn
1551 3945 1557 4009 l
1566 3941 1643 3997 Hebe.
1656 3943 1683 3997 l.
1697 3941 1921 4012 ll),qnetndecei

1121 4012 1315 4088 omnisgloria,
1331 4013 1427 4077 trottor,
1441 4021 1469 4069 et
1487 4015 1617 4074 adoratio.
1630 4027 1690 4068 cum
1711 4012 1790 4068 Patre
1813 4020 1840 4066 et
1857 4026 1921 4064 sun-

1121 4085 1242 4141 ctissivno
1255 4085 1367 4156 Spiritu,
1378 4100 1449 4140 nunc
1461 4095 1487 4142 et
1501 4099 1618 4154 semper,
1627 4092 1655 4139 ct
1669 4085 1695 4138 in
1705 4083 1800 4137 sruenla
1810 4082 1920 4136 smettlo·

1122 4171 1193 4211 rutn.
1205 4157 1302 4214 Antea.

1121 4284 1179 4291 -·.-.-

634 4611 677 4682 tn
694 4611 901 4680 ιιοιιιιιιιι
922 4617 976 4679 os
997 4579 1275 4684 concuratons
1296 4621 1338 4684 a.
1359 4617 1549 4684 vtnmnts.

308 4754 386 4810 Adeo
394 4757 540 4828 conspecu
560 4760 694 4830 aperturis
711 4761 788 4834 signa
812 4777 869 4835 prae
889 4777 919 4820 se
940 4762 994 4821 lert
1012 4765 1071 4824 baec

269 4826 392 4891 butnilis,
417 4835 449 4884 ut
466 4830 528 4908 jure
551 4830 626 4887 inter
643 4837 800 4905 peregrinas
823 4835 972 4906 ablegatam
986 4837 1071 4894 tuisse

1123 4771 1201 4842 nugis
1225 4771 1361 4828 refertam.
1383 4770 1456 4826 tilam
1483 4782 1547 4826 vcro
1570 4767 1713 4825 lectionum
1742 4763 1919 4823 varietatem.

1122 4842 1241 4913 itemque
1253 4842 1434 4900 additamenta
1448 4840 1491 4898 illa
1504 4840 1577 4896 varis
1589 4836 1761 4902 bucrderre,
1770 4833 1838 4890 nibil
1848 4840 1919 4890 osset

269 4911 361 4964 nemo,
371 4898 416 4970 qui
428 4898 532 5026 tepetis,
546 4915 601 4958 non
614 4900 738 4960 latentur.
753 4904 781 4961 in
795 4907 993 4980 ttanuseriptitt,
1003 4923 1070 4977 quo·
1121 4913 1193 4968 atiud
1208 4929 1288 4983 quara
1303 4915 1425 4970 attestant
1441 4911 1555 4968 ioedarc.

270 4981 330 5022 ruta
346 4968 451 5038 copisa
471 4982 524 5039 est,
544 4973 650 5030 intuita
662 4975 814 5042 sumuntur,
828 4978 942 5048 puerilia
954 4988 982 5035 et
999 4978 1067 5034 ridi·

270 5039 330 5094 cula
347 5057 354 5095 a
370 5054 439 5096 unos
450 5043 533 5099 nen
546 5043 629 5116 duplo
651 5049 800 5105 auctiorem
821 5049 961 5111 tramittant
983 5049 1066 5106 babet

1158 4985 1344 5055 interpretatio
1357 4985 1451 5041 basina
1461 4992 1503 5038 cst
1518 4979 1663 5038 Fmittonis
1674 4977 1775 5038 liurmi.

811 5277 867 5369 tn
891 5218 1379 5353 annunutnutonnm

730 5446 977 5507 Gwllloelfflu
989 5448 1123 5498 DOHIUAE
1144 5449 1274 5532 nestitae
1295 5443 1454 5493 trttteattn.

944 5575 1253 5665 mim>

307 5715 410 5788 liuram
423 5717 524 5785 laetitiae
534 5718 596 5794 ielis
607 5719 729 5798 nuntiuq,
745 5737 837 5780 rvrrstn
848 5721 945 5781 indicia
956 5721 1066 5791 liberta·
1120 5721 1295 5788 derrrmttatiq
1307 5729 1424 5773 rursnsa
1447 5713 1576 5772 servitute
1593 5713 1740 5770 liberatio:
1756 5714 1918 5786 colloquitur

262 5787 318 5861 pis,
329 5805 423 5866 pprspp
443 5793 591 5864 revaeqtta,
615 5807 709 5850 rursus
729 5793 839 5862 reditus,
859 5811 951 5859 ruamus
967 5784 1066 5858 latitia
1120 5809 1180 5850 enm
1194 5788 1302 5864 virgine
1317 5789 1444 5862 nagelta,
1461 5786 1678 5873 qttandoqutdem
1689 5795 1716 5842 et
1731 5799 1790 5846 ervrn
1806 5787 1917 5850 matters
