4142 6342
977 176 990 184 ¹·
1009 172 1034 191 ⁸¹5
1050 174 1070 191 ’,.ι
1110 168 1170 195 ..μρ

307 280 357 344 aut

301 401 424 475 vigorem
438 401 509 461 band
521 404 657 477 vulgarem
672 404 765 473 aliort,
780 412 808 461 ct
819 404 940 461 ciborum
953 404 1101 477 appetitum

306 498 408 553 excitat
431 514 438 553 a
462 508 543 570 atque
565 498 659 554 irarum
680 499 800 555 omniurn
813 515 905 556 rerum
922 499 999 557 nobis
1012 500 1104 573 paucis

306 589 403 645 diebus
426 591 639 663 experimentum
661 592 786 663 praebuit.
807 592 862 652 Fac
883 593 964 667 igitur
980 594 1105 651 dontinus

307 696 387 737 nisus
397 696 459 739 cum
468 682 563 755 primis
573 686 742 742 venerantius
753 686 917 757 Theophilus
930 686 1028 743 Comes
1042 704 1105 743 eto-

307 781 400 842 retur,
414 783 443 830 ut
453 774 530 831 nobis
541 792 646 833 rursum
657 777 728 835 idern
737 777 963 835 medicamentum
971 778 1105 845 conficiat,

309 877 390 942 atque
402 866 436 923 ad
453 882 503 925 nus
515 870 614 929 mittat.
629 868 685 927 Nec
699 885 765 927 tero
777 870 828 927 buc
843 870 950 927 nominc
963 869 1108 927 discrucie-

308 960 368 1028 ris,
388 961 460 1033 quod
482 976 533 1019 nos
553 960 597 1020 bic
618 962 767 1021 biememus
787 983 794 1020 t
815 965 901 1021 multo
913 966 983 1021 enim
997 964 1109 1023 meliora

308 1069 383 1111 rrurtc
395 1064 476 1128 atque
492 1058 687 1128 commodiore,
703 1075 783 1133 quam
797 1061 927 1133 superiori
937 1075 1019 1124 annu,
1035 1056 1109 1115 vale·

309 1144 405 1204 tudine
421 1163 517 1207 sumus
539 1169 547 1208 r
570 1166 654 1225 quare
665 1153 687 1210 si
709 1162 736 1209 tu
755 1168 863 1225 quoque
875 1194 883 1222 ,
897 1168 977 1225 quant
993 1160 1109 1223 parest,

310 1254 405 1295 curant
427 1240 582 1314 adhiberes,
605 1246 689 1301 multo
711 1244 810 1302 meiius
822 1244 938 1302 valeres.
952 1243 1028 1317 Quod
1042 1244 1064 1299 si
1077 1259 1110 1301 et

314 1332 399 1389 animi
413 1335 541 1391 moestitia
552 1338 662 1395 morbos
673 1348 732 1395 tuus
742 1338 946 1396 nrtunrduxisss
955 1338 1006 1405 ais,
1016 1338 1112 1411 ecquid

312 1440 410 1483 rursus
430 1442 446 1483 a
470 1427 547 1484 nobis
568 1428 697 1500 epistolas
712 1430 841 1502 requiris,
858 1445 917 1487 cum
934 1430 996 1487 irinc
1009 1430 1043 1487 ad
1058 1430 1113 1486 ala-

313 1516 438 1575 critatem
453 1518 535 1576 animi
548 1522 616 1578 nibil
630 1521 732 1579 tructus
745 1523 868 1595 ceperis,
883 1538 976 1581 terunt
989 1522 1114 1581 moeroris

314 1610 396 1667 undis
410 1610 445 1670 ita
456 1610 578 1670 demersa
593 1614 650 1682 sis,
665 1622 694 1670 ut
708 1616 869 1671 nuncetiam
884 1632 917 1672 ex
932 1617 984 1673 bac
994 1616 1047 1672 rita
1062 1616 1113 1672 mi·

316 1716 398 1773 grane
425 1702 544 1775 copiast
569 1708 610 1762 dn
638 1708 746 1781 ignoras
769 1721 867 1782 quanta
894 1710 991 1767 animae
1015 1710 1116 1782 gratias

315 1793 407 1865 agenti
418 1804 528 1866 propter
539 1798 663 1856 morbum
675 1816 782 1875 quoque
792 1816 899 1858 merces
908 1802 1052 1861 constituta
1063 1802 1116 1861 siti

316 1889 415 1945 Annon
428 1888 463 1946 de
474 1889 525 1949 bac
534 1907 565 1949 re
574 1902 602 1950 et
611 1895 721 1966 coram,
740 1904 768 1951 et
784 1912 833 1969 per
849 1896 940 1955 literas
953 1896 1116 1971 persepead

240 2057 244 2066 Ι
317 1990 347 2039 te
367 1981 506 2043 disseruit
525 1988 561 2045 dt
582 1990 709 2062 qnoniam
727 2000 754 2049 te
768 1990 882 2051 tortasse
893 1994 937 2050 rel
950 1994 1117 2067 negotiorum

301 2076 416 2145 turba,
430 2078 473 2135 rel
482 2078 539 2151 ipsa
553 2081 639 2139 morbi
654 2092 764 2151 natura,
777 2095 806 2141 et
817 2084 920 2142 crebra
929 2086 1116 2153 adtersimtes,

318 2185 413 2227 eurum
432 2187 492 2246 qum
513 2190 529 2229 a
547 2174 625 2234 nobis
635 2177 707 2234 dicta
720 2190 783 2235 sunt
795 2178 952 2236 memoriam
966 2181 1058 2236 animo
1073 2191 1117 2236 tuo

318 2276 450 2339 perpetuo
475 2268 636 2328 insidentem
656 2271 756 2329 babere
778 2289 832 2330 non
854 2272 962 2343 sinunt,
987 2273 1050 2329 audi
1070 2284 1119 2331 not

317 2373 429 2417 rursum
453 2365 580 2421 maeroris
604 2366 642 2421 tui
665 2364 798 2433 ulceribus
820 2367 915 2424 eadem
937 2365 1116 2423 accinentes:

320 2452 421 2512 Eodem
431 2457 497 2513 enirn
508 2459 625 2526 umine,
639 2460 702 2517 nritri
713 2462 815 2535 qttideut
829 2479 880 2518 nott
891 2461 1003 2535 piqrunt,
1014 2462 1118 2537 inquit,

319 2549 391 2607 aaut
404 2560 488 2607 satem
502 2562 583 2608 tutam
597 2563 634 2609 est
644 2552 773 2628 (Pittipp
787 2556 813 2613 5.
830 2555 868 2625 l).

356 2642 385 2699 2.
415 2642 541 2703 Patientia
571 2646 636 2704 nibli
661 2647 818 2720 qiorioritts,·
839 2647 926 2704 morbo
954 2648 1019 2705 nibil
1049 2664 1119 2705 scer-

321 2736 387 2793 tiss.
397 2768 434 2781 -
443 2736 513 2809 Quid
534 2736 614 2812 igitur
636 2740 694 2808 aio,
712 2755 744 2795 ae
757 2740 842 2796 literis
855 2739 970 2797 turandoi
984 2738 1055 2796 Niitil
1068 2749 1119 2810 cst,

323 2830 477 2905 Olympias,
504 2831 576 2904 qnod
597 2833 631 2890 ad
661 2834 766 2891 laudem
786 2843 814 2890 et
832 2835 945 2907 qiorintn
969 2835 1120 2907 adipiscen-

322 2924 385 2980 dam
398 2940 460 2981 cum
470 2926 598 2997 patientia
608 2928 635 2982 in
644 2925 782 2983 doloribus
792 2926 958 2997 perferendis
969 2926 1121 2999 comparari

322 3020 419 3091 possit.
434 3018 501 3075 liam
514 3036 546 3076 en
557 3011 705 3091 praesertim
716 3020 843 3076 uirtutum
855 3020 958 3091 regina,
970 3028 997 3075 et
1008 3034 1123 3075 corona·

323 3126 385 3166 rum
406 3126 473 3185 aper
495 3119 537 3169 est
548 3127 556 3167 ε
568 3122 595 3168 ει
609 3109 834 3184 quetrradrnodnm
854 3127 886 3168 ea
901 3110 1045 3169 uirtutibus
1061 3111 1123 3169 aliis

323 3210 453 3273 prestat,
476 3204 511 3259 ita
529 3204 556 3261 in
575 3220 606 3263 ca
625 3206 676 3261 boc
694 3202 860 3277 potissimum
875 3218 959 3277 qartus
974 3204 1033 3260 aliis
1047 3214 1122 3261 ante·

325 3294 410 3351 cellit.
431 3294 577 3353 Obscurius
598 3297 736 3369 eliquanto
761 3295 874 3353 tortasse
897 3296 1030 3370 estquod
1050 3296 1121 3367 dico,

325 3386 427 3445 idcirco
444 3388 548 3461 planius
564 3405 596 3446 ac
614 3390 756 3447 dilucidius
776 3390 845 3447 istud
866 3390 972 3447 inciam.
989 3391 1122 3461 Quidnam

324 3485 470 3557 igiturest
492 3483 563 3555 quod
586 3484 648 3540 nint
667 3482 726 3540 Nun
750 3484 845 3557 opibus
868 3484 994 3555 spoliari,
1017 3474 1122 3541 etiamsi

326 3578 452 3635 omnibus
469 3591 578 3649 prorsus
591 3576 760 3634 insultatibus
775 3579 904 3651 quispiam
920 3577 1051 3647 nudetur,
1070 3592 1123 3633 nun

325 3670 431 3728 bettore
443 3670 531 3744 dejici,
547 3685 601 3727 nou
615 3670 707 3741 patriis
721 3670 829 3726 sedibus
843 3668 990 3737 exturbari,
1003 3679 1083 3741 atque
1097 3669 1123 3725 in

327 3764 451 3822 exsilium
466 3764 578 3833 abduci,
593 3779 645 3820 non
659 3763 797 3821 laboribus
819 3778 851 3819 ac
871 3762 1014 3819 sudoribus
1025 3762 1123 3817 distor-

327 3858 420 3929 queri,
437 3873 489 3915 non
505 3872 640 3914 carcerem
655 3856 772 3915 incolere
785 3873 817 3914 ac
831 3856 933 3912 catenis
945 3856 1055 3923 vinciri,
1070 3871 1124 3912 nnn

326 3952 437 4025 probra,
453 3961 481 4009 et
495 3954 625 4018 conuicia,
641 3960 669 4007 et
682 3960 845 4017 scontmatn;
868 3966 954 4023 neque
976 3951 1049 4007 enirn
1064 3965 1126 4023 par-

326 4060 391 4101 rum
406 4045 557 4105 tolerantias
578 4060 663 4116 genus
683 4059 745 4101 esse
766 4042 907 4099 existimes
926 4058 970 4099 res
993 4042 1125 4111 ejusmodi

327 4146 441 4197 strenuo
458 4138 548 4195 animo
570 4136 657 4208 terre,
678 4138 760 4211 idque
780 4136 899 4195 ostendit
917 4137 1062 4207 ieremias,
1085 4138 1126 4193 uir

328 4240 420 4287 tantus
435 4241 541 4302 tamque
553 4233 668 4289 eximius
678 4232 723 4302 qui
736 4230 787 4288 bac
800 4229 947 4288 tentatione
958 4244 1012 4285 non
1024 4228 1127 4285 medin-

330 4323 414 4381 criter
433 4330 584 4380 commotus
603 4338 635 4380 ac
656 4320 828 4397 perturbatus
847 4330 889 4378 est
909 4318 974 4393 (der.
991 4319 1056 4391 t5);
1074 4336 1125 4375 rron

328 4415 476 4473 liberorum
496 4415 626 4485 amissio,
644 4415 751 4475 etiamsi
772 4428 867 4471 omnes
885 4412 1024 4482 repentina
1041 4422 1127 4467 morte

330 4505 514 4581 abripiuntur,
531 4524 583 4565 non
607 4508 699 4565 hostes
718 4507 874 4579 frequenter
887 4504 1057 4571 insultantes,
1074 4518 1126 4559 nun

329 4600 403 4659 aliud
415 4602 552 4674 quidpiam
563 4600 706 4673 ejusmodi,
718 4614 772 4656 non
782 4598 897 4669 denique
908 4584 984 4655 mors
991 4597 1058 4668 ipsa,
1068 4612 1127 4669 qum

328 4710 421 4754 rerttm
436 4698 555 4753 omnium
567 4739 576 4766 ,
590 4712 650 4767 quac
662 4693 793 4751 molestia
805 4702 833 4749 et
844 4689 996 4749 acerbitatis
1009 4690 1127 4761 speciem

329 4786 447 4856 babent,
463 4799 543 4860 caput
555 4800 607 4856 est,
621 4798 703 4858 atquo
716 4802 801 4858 usque
822 4784 891 4843 adeo
913 4783 1087 4841 formidabilis
1101 4793 1129 4841 et

331 4880 466 4938 burrcnda
480 4888 531 4947 est,
552 4896 628 4951 atque
641 4881 731 4952 gratis
744 4887 773 4935 et
784 4878 890 4948 acerba,
905 4886 934 4935 ut
944 4878 1054 4935 adversa
1066 4892 1127 4935 cor·
1155 4928 1160 4936 .

330 4976 405 5046 poris
416 4974 552 5033 ualetudo.
568 4972 617 5028 Cui
629 4973 666 5030 rei
677 4971 831 5028 testimonio
841 4982 883 5029 est
891 4987 1012 5027 summus
1022 4970 1068 5027 ille
1080 4987 1127 5043 pa·

330 5064 520 5138 ticntiaepuqil
535 5063 619 5136 (lob),
630 5065 675 5136 qui
686 5072 826 5138 postquam
837 5065 863 5120 in
874 5065 995 5135 corporis
1004 5065 1128 5121 morbum

330 5157 440 5225 incidit,
462 5158 638 5227 prementium
663 5156 794 5213 malorum
809 5156 994 5228 depulsionem
1014 5170 1129 5223 mortem

329 5265 392 5307 esse
402 5248 548 5322 judicarim
563 5258 589 5306 et
603 5250 721 5321 quidem,
735 5263 795 5307 curn
808 5262 903 5307 ctrncta
913 5251 964 5307 aiia
974 5258 1129 5323 perpetere-

329 5355 387 5411 tur,
403 5340 515 5399 minime
526 5342 669 5410 sentiebat,
681 5344 801 5415 quamtis
812 5344 894 5400 etiam
906 5344 1016 5402 crebras
1024 5344 1130 5417 sibique

330 5436 448 5493 invicem
462 5434 637 5492 succedentes
652 5437 743 5507 plagas
756 5436 904 5508 accipiens.
921 5450 952 5490 ae
965 5447 1129 5507 postremam

331 5530 533 5588 acerbissimam
543 5539 571 5587 et
582 5529 701 5587 letalem.
712 5527 884 5601 Nequeenim
900 5526 953 5585 buc
964 5528 1055 5600 exigui
1069 5545 1129 5587 mo·

331 5622 498 5682 mentiente
517 5624 664 5697 putandum
682 5633 743 5691 est,
765 5638 858 5680 rernm
880 5631 1007 5679 extremae
1023 5638 1131 5695 quoque

300 5749 303 5754 -
333 5720 410 5791 eius,
432 5718 479 5791 qui
498 5717 598 5775 beilum
612 5718 662 5790 ipsi
682 5715 823 5783 interebat,
839 5713 1017 5789 improbitatis
1029 5725 1129 5773 etvar-

334 5810 429 5877 tutin,
443 5808 515 5881 quod
528 5823 582 5864 nott
601 5809 703 5867 recenti
725 5818 753 5865 et
773 5816 885 5881 repeto,
900 5823 934 5865 ac
944 5816 1001 5865 tom
1012 5809 1129 5880 prinum

661 285 690 344 S.
709 283 850 345 tuendis
866 282 1108 343 cfltttsostuttt
1125 282 1285 364 dicutur.
1306 284 1574 345 construamur.

1158 404 1184 461 in
1198 388 1537 475 certamun‘desceuuemt
1554 407 1600 463 scd
1613 408 1676 481 jann
1691 406 1881 465 continuarunt
1894 413 1946 469 telo

1157 514 1216 557 tum
1242 501 1314 557 mole
1337 501 1469 566 conlecto,
1493 514 1548 558 tunt
1572 501 1697 573 denique
1722 499 1888 557 mortiterum
1910 505 1947 565 but

1158 592 1267 657 vulnus,
1289 591 1404 649 liliorum
1427 609 1523 665 nempe
1545 594 1709 657 interitum,
1729 590 1864 681 ittlerret,
1886 596 1947 669 idque

1160 694 1213 740 tam
1227 686 1344 757 grauiter
1362 695 1390 742 et
1408 684 1531 755 acerbe,
1548 694 1577 742 ut
1596 702 1630 743 ex
1655 695 1779 756 utroque
1798 700 1863 742 sexu
1874 702 1948 749 onrnes

1160 776 1258 849 subito,
1274 788 1302 835 et
1319 777 1461 835 immatura
1481 788 1574 850 aetate,
1588 789 1616 837 et
1639 778 1766 835 violenta
1783 789 1868 836 morte
1879 786 1949 853 oppri-

1161 880 1255 939 meret,
1267 884 1299 926 ac
1308 872 1404 927 mortis
1413 870 1522 927 modum
1536 880 1788 945 extemporaneam
1803 870 1866 943 ipsis
1878 880 1948 929 turnu-

1161 964 1218 1021 lum
1238 962 1369 1022 alliceret.
1392 964 1484 1039 Neque
1508 965 1580 1023 enim
1603 975 1687 1039 pater
1707 964 1834 1039 jacentes
1855 966 1879 1023 iu
1898 966 1949 1029 lecto

1162 1055 1240 1124 vidit,
1256 1070 1305 1113 nec
1320 1071 1416 1114 uranus
1429 1058 1600 1115 exosculatus
1612 1070 1670 1126 est,
1685 1070 1742 1113 nec
1756 1066 1877 1121 extrema
1887 1062 1948 1117 teria

1162 1150 1286 1222 excepit,
1305 1165 1355 1207 nec
1369 1149 1452 1222 pedes
1464 1162 1491 1207 et
1502 1136 1590 1225 genua
1609 1150 1717 1223 tetigit,
1731 1164 1785 1207 nec
1798 1152 1948 1209 moribunde

1163 1259 1223 1299 rum
1242 1258 1289 1299 ora
1310 1244 1461 1309 contraxit,
1481 1243 1626 1315 oculosque
1650 1241 1772 1309 clausit;
1790 1257 1850 1313 qnae
1865 1244 1949 1314 quiden

1164 1336 1329 1409 parentibus,
1344 1352 1405 1391 cum
1418 1351 1432 1390 a
1447 1334 1509 1393 titiis
1522 1326 1704 1405 direlitintur,
1717 1349 1774 1391 non
1788 1349 1892 1407 partam
1903 1351 1948 1393 oon

1164 1428 1322 1485 solationem
1345 1424 1478 1494 alternum
1503 1443 1553 1484 nec
1574 1426 1637 1483 aliis
1663 1424 1701 1483 ad
1729 1427 1880 1497 sepulcrum
1900 1444 1949 1499 pre·

1165 1518 1256 1577 missis
1269 1520 1336 1577 alios
1349 1518 1421 1575 domi
1436 1519 1555 1589 inuenit,
1568 1536 1601 1577 ex
1613 1535 1736 1593 quorum
1751 1528 1861 1591 aspectu
1874 1535 1946 1577 notre

1166 1629 1235 1682 rent,
1251 1630 1332 1687 quem
1346 1613 1363 1671 ii
1378 1614 1423 1687 qui
1436 1630 1452 1672 e
1464 1616 1518 1673 uita
1532 1623 1733 1682 excesserant,
1746 1614 1798 1686 ipsi
1813 1614 1946 1683 meremur,

1167 1706 1300 1765 minueret
1313 1725 1319 1764 :
1332 1723 1426 1764 rerum
1448 1708 1566 1765 corruitii
1581 1716 1721 1781 tempore,
1739 1716 1768 1763 et
1786 1706 1887 1777 quidem
1900 1723 1945 1763 mir·

1167 1797 1241 1867 titii,
1257 1815 1310 1855 nun
1326 1798 1497 1869 temulentia,
1520 1798 1567 1857 sed
1586 1798 1705 1855 caritate
1718 1796 1852 1865 coniecti,
1873 1797 1895 1853 in
1912 1798 1947 1851 tn·

1168 1892 1238 1949 terni
1261 1890 1362 1949 amoris
1379 1907 1490 1963 mensa,
1508 1906 1591 1967 super
1610 1900 1704 1947 turum
1726 1890 1858 1963 jacentes,
1877 1904 1945 1945 unna

1168 1984 1290 2043 defossos
1304 1995 1385 2059 atque
1401 1986 1513 2043 obrutos
1528 2000 1589 2043 esse
1600 1985 1730 2053 audivit,
1747 1984 1887 2054 omniaque
1898 1985 1946 2039 iuter

1169 2096 1199 2139 se
1211 2082 1293 2137 ntixts
1306 2080 1407 2151 tuisse,
1421 2080 1547 2139 nimirum
1561 2094 1711 2149 muntem,
1725 2078 1847 2146 domum,
1861 2077 1944 2147 poem,

1169 2184 1290 2243 tectum,
1312 2189 1451 2243 mensam,
1476 2175 1632 2248 puluerem,
1654 2171 1782 2229 membra
1804 2168 1945 2227 liliorumit

1171 2274 1333 2325 tamaricum
1348 2268 1405 2325 baec
1418 2268 1563 2337 audiisset,
1576 2282 1608 2323 ac
1621 2266 1702 2339 prius
1714 2266 1798 2321 etiarn
1811 2264 1858 2319 alia
1871 2278 1917 2335 que
1927 2272 1944 2321 et

1171 2361 1227 2434 ipsa
1241 2362 1332 2434 qratia
1345 2362 1480 2419 etaccrba
1497 2370 1590 2429 ernnt;
1612 2375 1677 2417 nam
1699 2368 1729 2417 et
1748 2358 1787 2415 iili
1806 2357 1856 2413 alia
1874 2356 1944 2412 misere

1172 2456 1323 2526 perierant:
1348 2452 1479 2527 pecudum
1505 2467 1618 2525 greges,
1641 2460 1670 2509 ot
1692 2448 1819 2507 universa
1837 2455 1941 2509 armenta,

1172 2548 1268 2621 partim
1284 2549 1345 2621 igue
1359 2548 1463 2604 coelitus
1479 2548 1554 2619 lapsu
1566 2544 1730 2617 absumpta,
1753 2540 1942 2615 pertimentiis

1172 2642 1294 2701 trostibus
1316 2652 1426 2713 reponte
1447 2641 1576 2713 abrepta,
1597 2647 1712 2695 etcum
1733 2636 1798 2708 ipsis
1819 2632 1937 2707 pastoribus

1172 2738 1279 2795 concisa
1291 2746 1319 2793 et
1330 2734 1485 2792 obtruncata
1500 2732 1582 2790 luisse
1594 2730 1740 2805 improbus
1750 2727 1829 2799 hujus
1839 2723 1940 2795 tragedia

1172 2830 1283 2887 nuntius
1306 2827 1453 2895 referebam
1480 2841 1558 2892 cum,
1573 2824 1704 2899 inquam,
1721 2828 1822 2877 tacitam
1842 2818 1865 2873 in
1881 2815 1938 2885 agris,

1173 2898 1265 2987 dumi,
1287 2920 1313 2977 in
1336 2917 1499 2993 pecudibus,
1524 2922 1550 2972 ln
1573 2914 1666 2972 liberis
1692 2918 1872 2983 tempestatem
1890 2905 1938 2961 breti

1175 3014 1304 3087 temporis
1326 3022 1463 3069 momento
1486 3011 1647 3077 excitatam,
1677 3004 1829 3077 ductusque
1850 2998 1937 3056 luctibus

1174 3105 1367 3171 succedentes,
1389 3113 1416 3161 et
1437 3102 1581 3160 continuos
1602 3098 1742 3173 scopulos,
1770 3105 1797 3153 et
1816 3088 1937 3167 prniundsn

1174 3198 1334 3271 caliginem,
1353 3204 1381 3253 et
1403 3194 1585 3252 intolerandos
1602 3190 1702 3247 unctus
1726 3187 1936 3257 corispiccretmet

1175 3306 1292 3349 mucrore
1312 3289 1498 3366 premebatur,
1525 3301 1576 3342 nec
1597 3300 1628 3341 ea
1648 3268 1720 3356 quae'
1734 3276 1876 3337 acciderant
1893 3285 1936 3339 pem

1175 3382 1318 3451 sentiebat,
1325 3382 1377 3439 boo
1384 3390 1436 3451 cst,
1445 3382 1575 3437 lractenns
1586 3376 1866 3445 dumtaxat,quatenus
1873 3364 1934 3419 lionu

1175 3490 1202 3536 et
1217 3486 1293 3552 patcr
1307 3487 1374 3534 erut.
1391 3477 1426 3532 tt
1449 3483 1621 3547 posteaquam
1640 3468 1738 3527 morbo
1751 3476 1827 3537 atque
1839 3456 1935 3555 ulceribus

1176 3570 1283 3629 deditus
1304 3578 1355 3637 est,
1379 3576 1434 3623 tunt
1458 3580 1524 3623 tero
1543 3573 1570 3622 et
1593 3572 1709 3620 mortem
1730 3554 1934 3629 exoptabatur

1176 3664 1250 3720 luctu
1265 3678 1297 3719 ac
1312 3662 1436 3717 lamentis
1448 3658 1615 3715 versabatur.
1631 3655 1669 3711 Er
1685 3669 1741 3729 quo
1756 3648 1876 3719 intelligas
1887 3641 1933 3703 liet

1176 3756 1229 3813 boc
1239 3754 1364 3811 omnibns
1379 3753 1458 3810 rebus
1471 3752 1591 3809 adversis
1601 3750 1710 3821 gratius
1719 3761 1790 3811 esse,
1800 3758 1828 3797 uc
1837 3746 1933 3795 sunrnm

1176 3848 1312 3924 patientiae
1321 3862 1416 3919 genus.
1429 3846 1516 3918 Atque
1530 3843 1583 3900 boc
1595 3857 1629 3898 ne
1642 3851 1787 3914 pert-ersus
1800 3830 1890 3907 quidem
1899 3824 1933 3879 da

1178 3959 1241 4001 mon
1255 3942 1410 4015 ignorabam
1425 3955 1456 3995 ae
1470 3937 1595 4010 proinde,
1610 3951 1671 3993 cum
1688 3932 1811 3993 omnibus
1825 3926 1869 3982 illis
1881 3919 1932 4019 rebus

1179 4036 1287 4094 tenutis
1300 4034 1415 4107 pugilem
1431 4030 1603 4103 tranquillum
1622 4037 1649 4085 et
1670 4043 1685 4081 a
1706 4018 1932 4097 perturbationem

1180 4144 1289 4186 mrtnem
1305 4140 1417 4183 manere
1427 4124 1611 4197 perspiceret,
1626 4120 1659 4175 sd
1674 4118 1726 4175 boc
1737 4124 1874 4179 certamen,
1888 4114 1931 4156 un-
1970 4158 1971 4211 1

1179 4237 1259 4295 quam
1272 4219 1390 4276 omnium
1401 4216 1557 4284 maximnm,
1572 4228 1602 4270 se
1612 4210 1736 4277 contulit,
1748 4214 1836 4263 caeoera
1845 4192 1931 4254 videlicet
1970 4212 1971 4235 i

1173 4310 1268 4372 'omnin
1287 4309 1434 4369 tolerabilia
1449 4322 1509 4365 esse
1528 4306 1646 4375 ducens,
1667 4300 1774 4361 etiamsi
1786 4294 1840 4369 quis
1850 4288 1930 4344 liberos,

1179 4404 1284 4460 etiarnsi
1301 4402 1431 4469 fortunas,
1447 4398 1552 4455 etiamsi
1567 4396 1713 4469 quidquam
1734 4387 1801 4447 aliud
1815 4382 1897 4441 arrrittat
1907 4363 1929 4441 iti

1180 4500 1252 4556 enim
1267 4497 1308 4555 bis
1323 4496 1412 4553 verbis
1424 4494 1593 4567 designatur,
1609 4490 1707 4546 Pettem
1723 4462 1929 4561 propellebat·

1180 4590 1237 4669 l]),
1260 4600 1288 4647 at
1308 4605 1368 4647 eum
1389 4586 1497 4644 demum
1519 4582 1684 4643 mortiterum
1700 4581 1801 4653 plagam
1821 4568 1928 4626 assuctii

1182 4686 1315 4757 quispiam
1331 4682 1356 4739 in
1372 4696 1486 4753 corpore
1499 4678 1607 4735 dolores
1628 4675 1744 4747 excepit.
1763 4664 1877 4739 Quocirca
1892 4654 1930 4721 post
1969 4724 1970 4727 Ἴ

1181 4780 1233 4836 boc
1252 4786 1389 4834 certamen
1411 4783 1569 4845 superatus,
1589 4786 1625 4827 tte
1644 4769 1748 4835 hiscere
1769 4757 1860 4835 quidem
1877 4753 1928 4801 ausus

1182 4884 1223 4932 est
1239 4894 1245 4928 ι
1259 4886 1320 4929 cum
1341 4869 1440 4945 alioqui
1462 4866 1536 4940 prius
1558 4860 1785 4936 impudentissime
1806 4844 1929 4907 obniteretur

1181 4984 1213 5025 ac
1226 4976 1320 5023 contra
1334 4974 1473 5038 pugnaret.
1497 4960 1562 5029 llic,
1579 4964 1705 5031 lnquam,
1719 4956 1773 5029 jam
1785 4962 1815 5005 ne
1827 4930 1927 5009 inpuidis

1182 5062 1289 5135 quidem
1303 5058 1403 5131 aliquid
1417 5058 1535 5129 reperire
1547 5054 1643 5127 potuit,
1654 5049 1724 5126 quud
1739 5047 1841 5117 tingeret
1852 5051 1857 5088 :
1867 5031 1927 5082 cerm

1182 5155 1285 5227 pudore
1298 5152 1414 5209 suliusus
1429 5150 1523 5223 pedem
1538 5148 1638 5205 retulit,
1700 5186 1703 5193 ,

1218 5250 1245 5307 5.
1262 5248 1359 5305 Verum
1374 5263 1407 5302 ne
1421 5245 1472 5302 lroc
1486 5244 1534 5300 tibi
1554 5241 1588 5298 ad
1609 5234 1784 5297 excusandum
1797 5238 1846 5282 mot
1903 5295 1907 5306 Α
1967 5250 1969 5371 s

1185 5344 1288 5402 derium
1309 5341 1434 5398 idoneum
1454 5352 1514 5395 esse
1527 5336 1629 5403 ducas,
1647 5330 1718 5405 quod
1732 5316 1879 5384 tiledsiorm
1890 5306 1923 5349 utut
1967 5372 1968 5377 η

1183 5447 1210 5495 et
1220 5436 1392 5493 acerbitatem
1404 5448 1458 5488 non
1469 5430 1570 5497 terens,
1579 5434 1692 5483 mortem
1703 5416 1837 5491 exoptaret.
1847 5400 1925 5456 tnnreu
1967 5438 1968 5441 η

1184 5539 1237 5586 tem
1252 5528 1323 5585 enirn
1340 5523 1387 5581 tibi
1403 5522 1508 5589 teniat,
1524 5532 1640 5593 quonam
1656 5484 1923 5618 iiletemp0r01l¹¹⁰i¹z

1184 5638 1273 5679 retum
1288 5628 1357 5676 stttu
1369 5633 1428 5675 eam
1440 5612 1583 5689 expetebat
1592 5629 1599 5669 :
1607 5610 1660 5667 hoc
1672 5619 1722 5673 est,
1730 5615 1784 5660 curn
1795 5584 1877 5695 rtetlti
1896 5582 1906 5621 ¹

1185 5725 1266 5779 esset,
1277 5729 1327 5770 nec
1339 5709 1476 5785 propbetas
1487 5706 1663 5768 exstitissent,
1677 5714 1725 5757 uec
1737 5688 1809 5767 qratia
1818 5691 1845 5736 ttt
1857 5670 1877 5725 dl

1187 5816 1269 5875 essct,
1285 5820 1333 5862 nec
1348 5804 1405 5876 ipse
1419 5800 1469 5857 aiia
1484 5800 1580 5858 divinoe
1592 5791 1761 5869 pbilusupbia
1770 5782 1851 5856 teudi
1859 5762 1923 5833 W*

1847 5216 1873 5273 tis
1882 5200 1926 5265 desi·
1968 5202 1969 5229 ¹
