4142 6342
153 412 202 468 ua
548 376 809 471 parnassum
826 404 1035 468 conamina
1054 410 1208 469 riunena.
1236 406 1350 471 ituiiiL.
1371 412 1391 470 i.
1746 404 1801 472 sao

152 528 255 583 omisa
277 524 413 597 fuissent,
432 542 487 600 quc
505 524 951 599 nonselpsumpraccipitemcgls-
1010 526 1179 584 ventilemus.
1207 528 1381 589 Ctiinrimnem
1408 510 1544 585 euntibus*
1564 529 1678 601 lingnam
1706 528 1799 586 dedit:

152 615 220 675 teti
1007 620 1058 676 iioc
1071 620 1130 691 ejas
1145 620 1193 676 luit
1204 614 1386 695 benignitatis.
1410 619 1467 679 Non
1491 626 1529 677 usi
1553 632 1615 677 suni
1636 619 1672 679 iiii
1686 620 1757 677 dono
1771 630 1800 677 ut

187 706 252 764 Eroe
264 710 449 786 profuitntru
463 708 612 781 paradisum
627 704 751 790 titlesc—
764 706 809 763 llis
824 708 903 763 etiam
918 720 952 762 ex
1006 726 1075 783 opus
1086 710 1141 777 fuit,
1158 712 1206 769 sed
1219 712 1244 768 in
1257 723 1403 770 extremam
1416 712 1578 770 dementiam
1592 718 1654 769 suut
1667 711 1799 785 prolapsi;

152 802 245 859 matris
259 798 343 875 buiris
355 797 481 875 exemplo
492 800 607 870 discere,
618 811 746 874 quantum
758 798 855 859 bonum
868 800 952 856 exsil-
1006 804 1078 877 ttuod
1102 806 1194 863 datum
1219 808 1313 871 tuerat,
1338 824 1431 865 rursus
1452 806 1571 863 abstulit.
1596 804 1623 865 Si
1645 798 1716 862 enim
1729 799 1801 879 quiid

152 898 213 951 terit
226 907 243 952 a
255 897 376 969 paradisi
389 893 554 954 habitatione
562 891 717 953 excidisset
726 891 852 953 &roure
866 892 953 965 qualis
1006 914 1086 954 unam
1102 896 1218 970 linguam
1237 897 1377 967 baberent,
1394 900 1420 955 in
1435 906 1533 955 tantam
1553 898 1682 955 insaniam
1698 898 1799 953 incide·

152 1001 229 1045 antea
251 997 328 1047 asset
348 987 424 1059 lira,
448 999 476 1047 et
500 986 587 1063 qualis
606 998 700 1061 postea
722 989 847 1045 eraserit.
868 988 952 1043 lintea
1006 996 1080 1058 runt,
1097 999 1126 1046 ut
1140 992 1232 1047 turrim
1248 990 1280 1047 ad
1291 988 1468 1062 calcatisque
1482 992 1656 1062 pertinentem
1668 988 1801 1045 aedificare

151 1082 260 1154 quidem
282 1080 455 1156 deceptorem
476 1076 623 1152 diabolum,
647 1082 791 1155 malignum
815 1079 889 1137 ilium
903 1073 951 1136 dc·
1006 1080 1122 1158 veilent,
1140 1080 1197 1136 nisi
1218 1082 1307 1137 statim
1333 1082 1417 1151 puniti
1440 1080 1570 1149 fuissent,
1599 1096 1687 1137 notarie
1714 1082 1799 1151 ipsum

152 1187 260 1231 moriem
284 1172 340 1232 ilde
362 1175 511 1249 digniorem
534 1175 582 1235 liei
601 1174 952 1241 mandatiscxistimarit,ct
1005 1192 1113 1251 quoquo
1146 1178 1272 1235 caetorum
1307 1176 1439 1250 fastigium
1462 1192 1593 1249 occupare
1619 1170 1801 1249 cupivissemi

153 1270 209 1325 soto
232 1270 341 1326 arbans
359 1278 470 1341 aspectu
480 1270 568 1329 illecta
589 1272 669 1327 buin
684 1271 718 1328 ab
732 1271 779 1327 iiio
793 1270 878 1341 legem
893 1270 951 1325 rio·
1005 1270 1081 1327 Licet
1101 1272 1171 1327 enim
1195 1270 1247 1325 iilis
1269 1275 1339 1327 esset
1362 1268 1533 1341 impossibiie,
1560 1278 1647 1324 tamen
1674 1268 1695 1322 si
1718 1266 1800 1321 aniani

155 1362 218 1417 latit
237 1374 246 1428 ;
268 1371 412 1435 postquam
434 1370 524 1420 autem
547 1362 645 1421 excidit
661 1362 794 1434 paradiso,
809 1378 862 1435 quo
876 1372 953 1433 paeto
1005 1378 1101 1435 speces
1123 1363 1297 1435 propositum,
1312 1364 1401 1419 scelus
1417 1362 1482 1418 titud
1497 1360 1606 1433 impium
1622 1356 1797 1415 admiserunt.

154 1457 250 1514 melior
270 1472 304 1513 ae
326 1453 474 1517 modestior
486 1458 523 1514 sit
544 1455 621 1525 iacta,
636 1456 786 1514 considera.
801 1454 869 1512 Cum
881 1454 952 1511 euim
1005 1452 1071 1525 Qum
1094 1454 1182 1511 omitia
1205 1470 1266 1511 cum
1298 1452 1463 1526 prosiliisset
1485 1454 1564 1517 Deus,
1587 1436 1800 1523 quatidoanidrm

153 1548 235 1603 diium
260 1558 335 1605 esset
362 1548 457 1613 carisa,
483 1541 609 1617 Pouedi,
637 1546 731 1621 inquit,
759 1547 883 1604 tramittem
909 1565 953 1617 prr
1005 1542 1102 1621 ilignae
1122 1546 1264 1605 cotrcordia
1291 1564 1343 1603 non
1359 1556 1387 1605 ut
1408 1541 1525 1619 oportuit
1537 1544 1577 1603 usi
1591 1549 1677 1609 erant,
1691 1540 1802 1599 dissidio

154 1640 239 1697 Βιιιιιι
260 1641 340 1711 icen.
355 1644 384 1699 l.
399 1644 439 1714 i).
454 1644 495 1699 tid
511 1644 653 1700 lionrinmo
673 1640 814 1699 confestim
835 1642 954 1714 confugit
1005 1644 1166 1717 linguarum,
1183 1650 1210 1699 ιιι
1224 1642 1350 1715 oportuit,
1368 1640 1428 1697 ilios
1440 1637 1542 1697 dividit.
1555 1642 1594 1695 dc
1604 1636 1668 1693 aridii
1681 1636 1800 1693 eiernen-

155 1726 429 1805 ea,qttaellom'imtm
451 1745 514 1791 ante
530 1740 740 1808 contempserat,
755 1742 952 1805 nequenaturaa
1006 1734 1069 1793 tiam
1095 1736 1177 1808 ipsius
1193 1734 1271 1792 veiim
1298 1734 1462 1791 consideres.
1477 1726 1554 1799 Ecce,
1580 1732 1676 1801 irriguit,
1692 1733 1805 1784 rosanti
1846 1752 1853 1767 ·

155 1838 214 1879 rem
228 1820 364 1891 atiscribit,
386 1831 473 1899 neque
493 1826 655 1883 intirimouii
674 1826 776 1900 legibus
791 1835 894 1897 partum
909 1839 951 1881 ac·
1008 1828 1138 1897 amitttat,
1153 1837 1177 1883 et
1191 1828 1239 1883 doc
1253 1826 1336 1897 iacere
1349 1832 1475 1899 roepernat
1487 1818 1562 1897 (Geta.
1580 1820 1623 1879 fl.
1637 1818 1675 1895 6).

153 1928 261 1988 ceptum
281 1918 348 1985 fert;
367 1916 416 1977 sed
440 1933 541 1978 araturas
560 1921 702 1979 liernianm
726 1922 855 1993 agnoscit,
874 1922 952 1992 siquae
1041 1916 1091 1975 Crir
1114 1934 1165 1975 non
1184 1914 1305 1973 arddait
1323 1916 1397 1972 citius
1409 1914 1498 1971 divido
1512 1914 1704 1987 liopertum.-
1717 1905 1801 1979 Quarta

153 2022 216 2067 nato
226 2012 283 2081 jam
299 2012 353 2069 iiiio
368 2016 467 2087 gratias
479 2016 534 2087 agit
544 2034 552 2071 ι
563 2033 677 2089 quaque
690 2017 813 2072 maritum
828 2024 905 2072 anter
924 2014 950 2071 in
1004 2014 1040 2070 ob
1054 2028 1161 2071 eausam
1184 2020 1237 2068 non
1260 2012 1349 2068 statim
1364 2020 1397 2066 eo
1416 2008 1533 2075 detenti,
1546 2018 1575 2064 ut
1593 2004 1708 2077 lingnam
1732 2004 1801 2059 diti·

153 2103 275 2159 fraudem
289 2102 421 2173 inererat,
434 2104 516 2162 lilium
528 2107 608 2163 etiam
622 2104 746 2175 enutrivit,
761 2108 838 2179 eique
853 2123 951 2164 nomen
1005 2100 1093 2174 deret,
1107 2104 1153 2163 sed
1169 2104 1243 2180 prius
1262 2120 1291 2161 se
1310 2112 1431 2169 excusat,
1448 2102 1523 2174 quasi
1537 2098 1562 2157 in
1579 2095 1679 2170 indicio
1694 2106 1804 2152 cansam

153 2197 290 2268 imposuit,
316 2210 332 2253 a
356 2214 409 2271 auo
427 2198 462 2275 de
481 2195 528 2256 liei
550 2216 660 2256 arrunere
684 2211 773 2273 posset
794 2202 951 2259 admoneri:
1005 2200 1145 2258 dicturus:
1170 2198 1274 2257 tametsi
1290 2214 1369 2255 nemo
1384 2196 1421 2253 iiii
1432 2196 1551 2253 tincturus
1567 2202 1608 2251 cst
1625 2183 1714 2261 :Quid
1735 2184 1801 2245 feci-

108 2330 113 2343 .
152 2303 266 2363 eumqrre
292 2292 408 2347 aiterum
433 2307 527 2349 rursus
552 2296 710 2366 peperisset,
733 2296 788 2353 ait:
814 2294 953 2353 destiterit
1006 2293 1040 2350 sti
1055 2290 1126 2349 ised
1140 2292 1166 2347 in
1180 2298 1311 2363 potestate
1325 2288 1405 2345 situm
1420 2295 1460 2343 est
1476 2283 1569 2357 ipsius,
1586 2284 1614 2339 ui
1625 2290 1730 2349 cuneta,
1744 2294 1803 2352 qne

152 2382 214 2437 aiiii
231 2378 302 2439 tim
314 2402 398 2440 oearen
411 2385 543 2457 prodiet,
559 2400 633 2460 guerra
646 2384 737 2442 occidit
752 2386 815 2444 Cura
832 2383 907 2459 (Gerr.
924 2389 950 2445 l.
1004 2382 1129 2451 solitarii,
1158 2381 1245 2439 iaciat.
1270 2380 1394 2437 Attamen
1419 2376 1494 2451 attasi
1509 2376 1638 2431 rationem
1654 2370 1804 2429 redditores

152 2474 207 2547 23).
232 2475 401 2533 Calamitatis
425 2478 590 2547 recordatur,
615 2496 701 2551 neque
715 2482 765 2537 lert
784 2480 954 2555 impatienter
1005 2478 1041 2533 ita
1055 2474 1252 2533 excusationem
1263 2486 1294 2529 ac
1306 2468 1490 2528 defensionem
1506 2465 1630 2534 instituit,
1645 2472 1673 2521 ut
1693 2480 1741 2520 tans
1753 2462 1802 2519 do·

154 2568 260 2636 muller,
273 2566 322 2625 sed
337 2568 434 2626 iterum
449 2567 503 2628 ileo
516 2570 613 2644 grattias
626 2572 688 2643 agit,
701 2589 732 2628 ac
746 2572 800 2628 tito
812 2589 909 2629 nornen
919 2590 953 2629 er
1005 2579 1066 2627 ceat
1078 2566 1269 2625 immanitatem
1293 2576 1320 2623 et
1340 2562 1509 2622 clementiam
1533 2570 1669 2618 exercete.
1694 2554 1760 2613 iiam
1781 2554 1804 2611 si

155 2676 266 2717 munere
288 2658 379 2716 diuino
400 2662 523 2733 imponit,
548 2666 626 2736 eique
648 2674 803 2737 perpetuam
824 2663 954 2722 doctrinae
1006 2662 1228 2721 llomintisserris
1241 2661 1479 2729 scexeusatatqne
1491 2653 1597 2727 illisqui
1607 2650 1702 2722 tatiana
1716 2650 1805 2721 ipsum

154 2752 323 2809 occasionem
347 2752 458 2824 praebet.
479 2755 528 2822 ita,
549 2754 611 2810 dum
637 2756 717 2813 etiam
740 2756 860 2823 abstulit,
882 2756 954 2815 lieris
1006 2755 1170 2817 affecerant:
1185 2756 1270 2813 madio
1294 2754 1377 2826 magis
1401 2768 1450 2808 nos
1466 2759 1558 2807 mutuo
1573 2758 1701 2805 excusare
1722 2754 1803 2815 opor-

154 2844 257 2915 majora'
268 2838 889 2918 ioaaurgttusest.Paudtsoexetdtamutter.
905 2845 953 2905 sed
1006 2863 1054 2919 tet,
1079 2852 1143 2909 iicet
1165 2848 1208 2909 sel
1225 2846 1340 2905 maxima
1364 2844 1493 2902 fuerimus
1516 2842 1612 2914 irritaris
1634 2840 1699 2895 laesi.
1727 2833 1803 2900 liidc,

155 2934 188 2991 ad
202 2936 250 2992 Dei
260 2937 441 3007 cogitidonem
455 2937 504 2994 irae
517 2936 648 3010 ejectione
660 2938 774 2996 deducta
787 2950 846 2996 est:
863 2940 953 3012 ltaque
1005 2960 1108 3019 quaeso,
1129 2958 1182 3015 quo
1206 2952 1283 3013 pacto
1296 2953 1325 2997 se
1342 2945 1470 2994 excuset·
1489 2934 1554 2991 li'cce
1573 2932 1666 2989 folium
1690 2935 1767 2985 enutri
1780 2932 1805 2981 et

155 3030 342 3101 pinsinrenil,
359 3047 440 3103 quam
460 3029 585 3105 perdidit.
604 3032 680 3099 Quini
694 3033 716 3089 si
731 3032 796 3089 attile
810 3040 867 3089 erat
879 3032 953 3089 esci·
1006 3056 1057 3097 sax
1080 3052 1134 3095 aaa
1155 3032 1287 3102 omuibus,
1317 3032 1412 3105 inquit,
1443 3042 1466 3087 et
1492 3032 1540 3085 troc
1569 3030 1652 3099 [acere
1678 3019 1809 3091 repertori

156 3122 219 3177 dere
244 3112 379 3193 paratim,
404 3124 481 3195 cujus
502 3124 539 3181 rei
561 3126 644 3197 gratia
659 3124 811 3197 paradisum
831 3124 865 3183 ab
877 3126 953 3183 initio
1006 3128 1111 3205 (itta).
1131 3128 1210 3201 Quiasi
1233 3127 1334 3185 diceret
1348 3144 1354 3179 :
1368 3120 1453 3180 Nemo
1474 3120 1539 3179 miid
1558 3116 1623 3175 vitio
1636 3123 1721 3173 veriat
1744 3110 1805 3181 ista,

156 3212 228 3271 dedit
237 3209 330 3272 ilem?
341 3208 449 3275 Utiliter
458 3218 510 3274 froc
520 3216 618 3275 lactum
629 3228 680 3283 est,
695 3218 731 3275 mi
743 3217 833 3289 lanino,
844 3224 954 3295 pfopter
1006 3241 1067 3281 cirin
1078 3223 1189 3279 dinisam
1202 3218 1318 3292 linguam
1332 3216 1437 3283 viderit,
1453 3228 1532 3271 acino
1542 3204 1723 3271 diversitatem
1735 3204 1804 3261 franc

157 3310 346 3381 negligentiam
366 3317 486 3368 nostram
506 3324 514 3366 a
539 3312 628 3381 itaque
644 3314 665 3368 si
684 3312 734 3369 sibi
756 3315 889 3373 cavissent
903 3316 953 3386 ilii,
1007 3318 1156 3389 linguarum
1172 3310 1206 3369 ab
1220 3304 1294 3369 initio
1317 3306 1398 3365 fnisse
1421 3306 1549 3363 insertam
1566 3298 1716 3359 bortrinihus
1734 3293 1806 3352 ariti-

157 3417 187 3459 ac
200 3400 564 3475 bominumagnoaissent,et
577 3406 955 3479 sobriiiuissentacmodcsti,
1008 3418 1104 3468 iretur.
1121 3404 1188 3463 Ecca
1209 3404 1304 3460 lulium
1325 3417 1404 3457 anum
1425 3406 1448 3453 et
1471 3414 1520 3454 aaa
1540 3389 1739 3451 succurritur:
1758 3382 1808 3444 sed

158 3500 370 3569 permansissent
381 3500 407 3556 in
418 3500 535 3567 honore;
550 3517 611 3557 conr
624 3512 712 3558 antem
722 3500 813 3559 datum
828 3499 877 3559 sibi
893 3522 954 3562 mu·

160 3608 207 3647 nus
230 3589 378 3663 gatairainia
401 3588 563 3658 adiecissent,
587 3602 648 3649 triac
671 3595 735 3650 tidie
758 3595 815 3654 tuit.
832 3598 954 3669 nteiiee-

160 3695 259 3740 rentur.
280 3680 334 3741 Cirr
353 3682 433 3757 igitur
456 3680 521 3743 titud
545 3687 621 3742 initio
641 3683 714 3744 dedit
732 3688 818 3745 llcnsi
834 3688 955 3749 Utsuam

162 3776 313 3834 ostenderet
326 3772 529 3851 benignitatem,
545 3794 627 3853 seque
641 3791 761 3853 paratum
775 3798 881 3853 semper
895 3791 955 3840 esse

161 3891 208 3951 nos
220 3874 254 3931 ati
274 3872 391 3944 majores
415 3872 532 3931 botrores
554 3876 716 3947 proreiiere3
731 3894 780 3933 nos
797 3894 861 3935 vcro
879 3876 956 3935 nobis

161 3964 258 4041 ubique
280 3982 419 4037 paenarum
442 3976 469 4022 et
487 3966 676 4039 suppliciorum
700 3978 824 4026 auctores
847 3985 957 4038 sumtis,

161 4062 222 4119 dum
247 4058 392 4132 nosipsos
416 4070 507 4115 nostra
531 4057 653 4116 socordia
677 4053 773 4127 bonis,
797 4078 857 4133 qum
881 4060 957 4117 rotabis

163 4152 266 4209 fuerant
278 4167 418 4219 concessa,
432 4152 576 4224 privamus.
592 4146 626 4208 lit
640 4152 719 4224 igitur
730 4147 870 4225 induigeas
882 4164 958 4225 pater

162 4247 236 4303 initio
248 4246 358 4319 quidem
373 4246 455 4301 tilium
470 4260 547 4302 soum
569 4244 641 4301 doiid
663 4260 772 4301 manere
793 4242 856 4299 sinit
870 4250 896 4303 ci
910 4260 958 4315 pa·

163 4318 245 4395 tcinis
265 4334 391 4395 amnibus
414 4334 463 4392 frui
485 4337 578 4402 bonis;
603 4345 742 4407 postqmm
772 4343 861 4391 autem
884 4329 958 4391 illum

162 4428 258 4489 uiderit
269 4430 322 4486 hoe
334 4425 439 4485 honore
452 4422 532 4485 fuisse
546 4422 732 4499 depravatum,
745 4418 843 4482 arecia
855 4443 957 4495 mensa,

163 4539 193 4579 ac
203 4520 283 4595 longe
296 4538 311 4578 a
324 4532 469 4595 conspeetu
482 4537 532 4579 suo
546 4520 669 4584 collocat,
681 4534 866 4589 sepenumero
879 4520 959 4577 etiam

165 4631 196 4671 cx
211 4614 279 4686 ipsis
294 4612 413 4685 patentis
427 4610 528 4669 cedibus
540 4610 622 4685 ejicit,
639 4622 667 4667 ut
678 4610 728 4666 iilis
743 4610 859 4683 privatus
871 4623 898 4668 et
909 4610 959 4669 bac

162 4698 325 4763 contumelia
342 4709 369 4760 et
388 4700 520 4761 dedecore
539 4704 633 4760 metior
646 4697 766 4771 edectiis,
780 4702 959 4777 dignuinred·

164 4802 202 4857 lin
218 4796 337 4871 seipsum
349 4812 442 4854 rursus
459 4795 567 4863 eficiat,
583 4810 614 4851 ac
638 4804 774 4867 paternam
800 4796 888 4868 capiat
901 4796 957 4851 lian-

165 4889 327 4950 retdtatem:
343 4886 380 4949 ita
392 4904 496 4964 quoque
510 4888 572 4946 fecit
589 4886 669 4946 fieus.
686 4886 839 4944 Paradisum
859 4888 961 4945 homini

165 4984 240 5041 dedit
249 5004 254 5039 :
263 5000 327 5040 com
341 5000 370 5041 se
383 4983 519 5057 indignum
534 4980 705 5048 ostendisset,
715 4982 803 5053 ejecit,
814 4989 843 5038 ut
852 4994 960 5039 externa

166 5076 209 5133 iila
225 5071 393 5133 habitatione
415 5074 612 5149 ignominiaque
625 5072 720 5130 metior
732 5065 841 5132 elicetus
858 5090 890 5130 ac
902 5090 960 5133 mo·
982 5129 987 5137 ,

166 5164 288 5233 destior,
314 5164 409 5239 dignos
434 5166 522 5223 reditu
546 5174 695 5237 appareret.
721 5164 852 5234 Quoniam
882 5164 963 5239 igitur

169 5267 261 5327 postea
274 5250 435 5330 resipuerat,
447 5264 555 5314 reuocat
568 5256 642 5312 ilium
658 5272 759 5321 narrans,
774 5268 801 5313 et
812 5260 866 5314 ait:
880 5256 964 5314 llodie

169 5370 266 5410 mecam
281 5354 367 5409 crisin
385 5352 504 5424 paradiso
517 5349 639 5427 (burdii.
656 5352 710 5422 ib).
728 5350 809 5409 Vides
823 5370 874 5410 non
892 5350 964 5424 tprtod

171 5444 274 5503 dederit
302 5442 469 5525 paradisum,
499 5444 547 5503 sed
572 5442 643 5516 tpnod
669 5438 814 5517 ejecerlte
840 5446 964 5516 paradiso

170 5539 294 5598 maxime
311 5554 383 5595 eura
405 5540 540 5610 specimen
564 5536 717 5594 exstitisse?
735 5536 785 5591 nisi
802 5538 873 5593 enim
888 5552 966 5610 para·

173 5633 230 5692 diso
248 5632 403 5702 excidisset,
422 5630 547 5706 paradiso
571 5632 667 5705 titgnus
689 5643 782 5687 rursus
807 5646 860 5687 non
880 5648 963 5705 appa·

174 5726 279 5784 ruisset.

208 5820 235 5875 l.
255 5820 331 5877 diane
352 5819 433 5891 igitur
453 5831 604 5875 sermonem
626 5826 756 5891 perpetuo
778 5816 904 5874 aremoria
928 5826 966 5873 te·

177 5930 296 5989 nmmos,
318 5912 390 5971 ltunc
412 5922 440 5971 ct
461 5912 487 5969 iu
502 5922 659 5989 argentonio
680 5910 828 5990 proposito,
842 5910 865 5970 si
880 5907 964 5983 iubet,

1007 3519 1062 3561 noa
1086 3500 1127 3557 usi
1150 3506 1213 3557 sunt
1235 3493 1317 3561 dono,
1338 3502 1367 3549 ιιι
1391 3490 1518 3565 oportuit.
1533 3490 1661 3561 Atqueut
1675 3474 1807 3553 inteiligas

1008 3613 1069 3655 eum
1085 3610 1137 3652 non
1151 3602 1205 3649 um
1218 3588 1288 3663 quod
1303 3582 1401 3644 factum
1422 3584 1507 3641 luerat
1520 3582 1624 3653 punire,
1640 3592 1718 3651 quiam
1734 3572 1807 3645 qtrod

1008 3690 1124 3747 futurum
1147 3694 1205 3744 erat
1225 3683 1324 3759 praevia
1345 3678 1468 3736 cautione
1491 3674 1635 3745 corrigere,
1661 3668 1722 3723 andi
1741 3662 1807 3735 igtiid

1008 3780 1133 3855 adjungat
1148 3798 1154 3835 ι
1171 3773 1204 3835 Ει
1225 3792 1292 3831 nunc
1314 3789 1363 3831 aaa
1379 3768 1495 3843 deficient
1509 3764 1540 3821 ab
1561 3764 1613 3819 itas
1626 3762 1721 3827 catinia,
1734 3769 1805 3829 pite·

1009 3890 1114 3947 cumque
1127 3872 1211 3929 coacti
1224 3866 1318 3943 {aedat
1335 3860 1507 3937 [semeitica.
1523 3858 1578 3927 ii).
1593 3855 1693 3911 llorum
1717 3858 1805 3904 autem

1009 3966 1151 4023 rerbomm
1172 3962 1231 4017 hnc
1254 3964 1295 4015 est
1316 3954 1447 4013 sententia
1463 3970 1471 4008 a
1485 3950 1535 4005 nisi
1548 3946 1601 4019 iam
1615 3950 1708 4015 gateiras
1731 3938 1804 4000 (leiti,

1009 4068 1038 4115 et
1051 4056 1085 4112 ab
1100 4058 1156 4127 ipsa
1169 4060 1338 4127 peccatorum
1354 4044 1444 4104 radice
1457 4032 1635 4101 reirenentur,
1651 4030 1751 4089 troilum
1766 4030 1806 4084 fti-

1009 4150 1082 4206 ciani
1097 4142 1177 4203 linem
1193 4137 1295 4199 seelera
1309 4131 1489 4212 perpetranti.
1502 4130 1557 4188 lloc
1568 4128 1638 4186 enim
1650 4122 1700 4183 sibi
1716 4125 1808 4179 ttairrnt

1011 4243 1056 4296 itta
1080 4235 1181 4294 rerba:
1200 4232 1260 4291 Non
1283 4228 1400 4303 deficient
1410 4228 1442 4283 nl
1467 4221 1519 4281 titis
1532 4218 1627 4287 catania,
1646 4225 1811 4291 palatiumque

1010 4334 1094 4390 conati
1110 4330 1203 4404 fuerim
1223 4330 1315 4403 [acere
1330 4324 1409 4395 Quasi
1429 4320 1549 4379 diceret:
1564 4313 1622 4373 iiia
1634 4320 1738 4386 ducam
1753 4321 1808 4365 ma-

1009 4426 1068 4496 jora
1090 4422 1191 4481 scelera
1206 4418 1341 4491 adjicient.
1357 4411 1427 4472 'faiis
1441 4413 1512 4470 enim
1528 4424 1570 4467 res
1590 4414 1631 4465 est
1652 4404 1750 4462 matitia
1765 4422 1770 4459 :
1787 4404 1809 4460 si

1011 4538 1071 4579 cum
1087 4518 1201 4593 primum
1223 4512 1327 4571 initium
1346 4511 1462 4577 duxerit,
1484 4523 1537 4564 non
1556 4504 1722 4563 coliibeatur.
1739 4508 1807 4553 tma-

1012 4628 1091 4684 qnam
1108 4611 1175 4681 ignis
1196 4604 1269 4663 arida
1288 4604 1358 4675 ligna
1377 4600 1534 4671 corripiens,
1557 4599 1595 4653 sic
1612 4593 1637 4652 in
1652 4597 1808 4651 iruniensam

1012 4702 1128 4773 assurgit
1140 4698 1316 4757 altitudinem.
1332 4692 1413 4751 fides
1432 4692 1483 4748 iroc
1505 4692 1589 4761 ipsum
1609 4698 1714 4759 tputitpue
1732 4682 1809 4739 botri-

1012 4794 1121 4867 gnitatis
1144 4790 1226 4847 fnisse
1247 4801 1300 4843 non
1326 4784 1478 4851 mediocris,
1501 4778 1571 4851 quod
1593 4778 1721 4835 natitatem
1738 4774 1820 4869 toa-is.

1013 4882 1173 4945 abstulerit?
1188 4880 1328 4939 dissidium
1339 4878 1436 4950 quippe
1449 4875 1597 4947 linguarum
1608 4870 1717 4933 lametii,
1734 4881 1767 4921 ne
1783 4868 1812 4917 in

1015 4980 1144 5051 majorem
1155 4974 1353 5047 improbitatem
1367 4969 1528 5030 laberentur.
1545 4966 1621 5023 linire
1635 4964 1698 5020 initii
1710 4972 1812 5015 sermn-

1015 5084 1078 5128 nem
1091 5068 1219 5126 nterutnia
1232 5074 1332 5133 tenete,
1346 5079 1396 5121 nee
1409 5076 1534 5134 umquam
1548 5058 1617 5115 eiabi
1631 5070 1664 5112 ex
1678 5068 1709 5108 ea
1721 5052 1810 5116 sistite,
1862 5094 1872 5111 ,

1016 5164 1100 5219 deum
1123 5159 1248 5217 nimirum
1273 5172 1324 5214 non
1338 5154 1417 5212 modo
1435 5168 1494 5211 eum
1507 5147 1588 5208 aideit
1601 5142 1747 5203 mateficis,
1764 5138 1811 5195 sed

1016 5256 1097 5316 etiam
1116 5265 1177 5312 eum
1201 5252 1284 5326 punit,
1307 5252 1405 5307 bonum
1419 5258 1520 5304 esseae
1535 5242 1687 5311 benignum.
1705 5236 1813 5291 flautei

1017 5350 1101 5422 ipsius
1115 5358 1200 5421 peenas
1213 5357 1245 5403 ac
1259 5343 1388 5416 supplicia
1402 5337 1591 5397 beneticiornm
1605 5330 1663 5402 eius
1676 5334 1736 5385 sunt
1752 5330 1820 5399 pars·

1017 5443 1142 5509 maxima,
1167 5445 1194 5497 et
1216 5436 1390 5513 prouidentia
1402 5444 1486 5505 genus
1500 5426 1653 5485 maximum.
1669 5422 1736 5480 Cum
1749 5436 1813 5489 ergo

1018 5538 1126 5606 famem,
1142 5546 1240 5607 pestes,
1260 5513 1332 5593 aeris
1345 5528 1488 5590 siccitates,
1511 5520 1609 5577 imbres
1623 5516 1773 5578 contitmos,
1786 5523 1818 5570 et·

1019 5635 1090 5689 aeris
1108 5624 1315 5701 itiaquaiitatcs,
1335 5622 1375 5678 uei
1396 5614 1467 5675 alind
1482 5614 1616 5687 quidpiam
1631 5610 1744 5674 rideris,
1760 5622 1819 5681 aiio,

1018 5738 1101 5795 genus
1116 5722 1261 5778 humanum
1271 5716 1406 5791 partiatur,
1420 5725 1470 5768 nec
1482 5721 1552 5782 agre
1573 5710 1652 5777 ieras,
1668 5720 1754 5779 neque
1769 5704 1812 5759 in·

1018 5816 1148 5888 digneris,
1172 5814 1218 5871 sed
1241 5812 1320 5868 adora
1343 5820 1432 5864 rernm
1447 5806 1550 5861 iiiamm
1570 5812 1717 5865 auetorem,
1734 5806 1813 5866 :iturae

1021 5910 1096 5971 itiam
1115 5920 1186 5967 cure
1204 5918 1236 5968 ac
1255 5899 1441 5965 adducitis
1461 5899 1570 5961 nomiae
1583 5892 1750 5957 commenda.
1767 5885 1816 5951 liis
