4142 6342
149 276 202 369 sor
873 290 1067 358 pessume.
1744 294 1797 358 ms

145 410 281 471 redditum
301 408 384 469 fuisse
396 408 583 467 existimomus
598 426 606 465 s
619 422 713 467 rerum
728 374 793 463 illud
808 413 943 478 procerte
1000 416 1066 477 tem,
1082 414 1137 463 tum
1150 406 1224 482 quod
1236 408 1282 469 bic
1297 408 1371 467 locus
1385 422 1400 465 a
1415 407 1522 481 publica
1535 410 1578 473 uia
1589 407 1666 470 valde
1677 418 1797 467 suttotns

146 500 290 569 babemus,
314 504 444 575 nobisque
464 500 675 573 persuademus,
690 508 716 558 te
728 497 943 557 benevolentiam
998 498 1045 565 sit,
1061 502 1150 555 umen
1173 498 1274 555 bomini
1289 500 1325 556 ite
1346 500 1458 566 amanti,
1479 510 1507 557 ut
1525 500 1582 573 ipse
1602 515 1692 557 amare
1714 500 1795 567 nosti,

146 612 225 667 eum,
243 614 296 670 qua
310 612 358 654 nos
373 597 502 653 hactenus
516 594 673 667 complexus
684 608 714 651 es
726 591 866 649 docentem
879 590 945 647 reti·
998 588 1080 654 edum
1095 605 1154 661 quae
1167 588 1253 663 ardua
1272 599 1335 649 sunt
1353 590 1442 649 facilia
1461 592 1618 651 redduntur.
1635 592 1701 649 Cum
1716 592 1797 665 igitur

146 709 231 761 utere,
245 702 325 764 atque
342 689 377 747 ob
390 692 576 759 calamitates,
592 705 651 761 quse
665 688 741 746 nobis
753 687 860 746 assidue
874 682 944 743 infe·
998 680 1207 750 animadvertas,
1219 693 1344 758 quantam
1357 684 1509 756 hujusmodi
1522 685 1657 744 literarum
1671 683 1797 757 frequen-

148 794 261 851 runtur,
277 800 330 839 non
345 783 426 840 modo
439 798 492 839 oon
505 780 689 849 consternari,
704 778 752 839 sed
765 779 848 839 etiam
860 776 942 836 rebe·
999 775 1035 831 tia
1049 775 1162 849 medam
1175 792 1191 833 a
1205 778 1282 835 uobis
1292 778 1407 835 initurus
1416 779 1465 851 sis,
1477 778 1546 843 banc
1558 793 1664 851 quoque
1676 778 1796 836 letitiam

148 875 282 942 tuentiore
296 890 358 947 erga
374 890 423 930 nus
445 863 538 947 amore
559 870 650 929 amet:
668 871 729 928 idco
748 871 882 943 ingentem
897 867 945 925 tibi
998 868 1077 930 uobis
1096 866 1187 942 praebe
1201 885 1208 921 :
1222 867 1354 939 siquiden
1369 868 1435 927 illud
1455 869 1567 929 moleste
1583 867 1709 939 ferimus,
1725 866 1797 939 qnod

147 965 262 1037 gratiam
277 964 417 1021 babentes.
434 965 501 1037 Quia
520 973 610 1021 autem
624 963 708 1037 probe
722 962 779 1019 scio
794 970 820 1019 te
838 974 946 1036 quoque
997 975 1061 1021 cum
1074 962 1170 1019 iterum
1182 962 1236 1035 iam
1251 962 1285 1019 ad
1302 971 1330 1019 te
1341 963 1545 1037 scripserimus,
1562 973 1697 1024 tamenne
1712 960 1796 1019 semel

70 1049 71 1058 ’
147 1056 182 1113 de
206 1056 287 1113 rebus
305 1059 406 1115 nostris
419 1058 561 1113 certiorem
583 1055 641 1113 lieri
665 1069 783 1128 cupere,
803 1051 946 1111 commoda
998 1055 1107 1129 quidem
1121 1056 1241 1116 literasa
1256 1064 1282 1113 te
1296 1057 1458 1129 acecpimus.

70 1141 71 1152 ¹
146 1148 300 1207 valetudine
315 1146 595 1223 sumus,inqentique
608 1148 665 1203 otio
678 1157 705 1205 ct
716 1147 807 1219 quiem
821 1144 944 1213 fruimur,
1033 1190 1130 1249 cm
1153 1190 1262 1249 mmm
1311 1192 1352 1249 ab
1370 1200 1424 1248 m
1461 1192 1471 1268 (
1482 1188 1678 1250 modum
1691 1190 1746 1249 m

147 1252 230 1314 atque
251 1246 277 1298 in
295 1231 439 1299 securitate
457 1242 594 1314 degimus,
618 1238 741 1298 isauricis
755 1238 881 1296 nimitum
902 1245 945 1295 ιιι-
1133 1232 1141 1248 ’
1278 1210 1311 1267 Ψ
1353 1208 1370 1265 ⁹
1425 1231 1434 1250 ⁶

148 1334 279 1390 moltibus
302 1332 416 1388 liberati.
440 1330 508 1388 Nam
527 1330 599 1407 quod
619 1331 653 1387 ad
674 1330 808 1387 tenente
829 1328 946 1387 hiemem
1325 1306 1368 1410 tel
1383 1304 1462 1379 4οΜ

146 1424 253 1489 attinet,
270 1438 329 1478 eam
351 1422 406 1494 jam
423 1438 473 1478 usu
496 1422 555 1495 ipso
572 1422 643 1479 ferre
665 1421 755 1478 didici.
778 1421 946 1493 Quamquam
1033 1442 1286 1517 (quumqufflflm
1300 1444 1480 1515 immun,
1494 1438 1795 1513 qqnqjdmwpemen.

147 1518 219 1573 enim
234 1514 334 1588 frigore
348 1525 401 1573 non
423 1516 490 1574 nibil
511 1516 650 1587 offendor,
665 1524 695 1572 ut
713 1515 784 1573 solet
797 1516 820 1571 is
832 1515 879 1589 qui
891 1523 946 1600 tam
999 1544 1041 1593 q„
1056 1550 1183 1607 cum„
1211 1546 1237 1601 ld
1252 1536 1344 1595 „idm
1358 1546 1437 1608 ,μμ
1457 1533 1619 1607 pompeam
1638 1531 1718 1603 idque
1739 1531 1797 1601 ipse

138 1607 274 1664 'imbecilli
298 1622 412 1680 corpore
434 1607 562 1680 preditus
578 1607 635 1663 sit:
651 1607 774 1680 superior
788 1617 877 1662 tamen
897 1622 946 1662 et·
997 1628 1080 1683 ‘pm
1095 1636 1158 1685 ,1110
1182 1639 1287 1688 nostum
1301 1637 1425 1701 surptus
1438 1628 1530 1689 liures
1543 1625 1653 1688 minime
1677 1624 1796 1695 ignoras.

145 1698 224 1768 sisto,
249 1698 314 1755 dum
333 1700 406 1756 doml
429 1715 474 1756 mc
499 1705 646 1771 perpetuo,
672 1714 733 1755 cnm
755 1698 838 1775 frigus
860 1698 946 1766 sterit,
997 1720 1065 1777 aa„
1078 1737 1139 1777 eum
1153 1722 1259 1782 ,imm
1274 1724 1364 1783 animo
1378 1738 1469 1783 umaro
1494 1721 1587 1787 noris,
1615 1734 1663 1780 cus
1686 1732 1793 1791 queque
1825 1754 1831 1760 ·
1873 1706 1888 1731 ⁶

146 1792 266 1858 includo,
277 1807 396 1865 rasoque
404 1790 425 1850 'c
438 1793 531 1850 limine
544 1792 640 1867 pedem
650 1792 743 1849 edero.
758 1792 825 1849 Nam
835 1803 947 1849 caeteras
998 1814 1044 1883 quq
1060 1814 1167 1871 ,inem
1191 1815 1282 1873 „fimo
1295 1825 1397 1887 mam,
1420 1829 1567 1887 πωπω
1590 1811 1671 1875 nosti,
1698 1811 1796 1875 turum

144 1885 255 1957 quidem
269 1886 332 1942 aunl
354 1896 445 1957 partes
465 1886 502 1943 ita
520 1885 655 1958 jucundas
676 1901 709 1942 ae
729 1901 825 1942 suares
847 1886 945 1953 sentio,
1000 1906 1062 1976 quq,
1074 1906 1099 1962 jd
1114 1924 1167 1962 no„
1180 1907 1253 1976 lqoeq,
1270 1909 1389 1977 mim,
1405 1909 1477 1980 quod
1493 1909 1562 1975 ,Μ
1579 1906 1650 1971 ΜΟ
1664 1924 1671 1963 3
1683 1904 1795 1973 peppo,

147 1986 177 2033 ¹¹¹
191 1992 252 2033 ⁸⁰¹⁰
267 1978 349 2034 ellim
371 1979 603 2050 ¹¹¹⁰lb¹¹¹¹¹sfl¹¹0¹¹¹
626 1977 946 2049 ¹²¹¹¹3131115⁸f⁵l>0f5¹²te
999 1996 1097 2067 salute,
1123 1999 1224 2064 literas,
1248 2015 1308 2070 quae
1333 2000 1411 2055 nobis
1437 1996 1596 2056 valetudinis
1621 2008 1672 2052 tuns
1696 2005 1796 2051 statum

145 2070 279 2137 mimis
294 2070 422 2140 Ρθῐῐὶιΰῑῐθ
436 2070 692 2143 ῧθΡθῙΙθΓθιῑῑθθω·
752 2095 756 2101 ’
929 2140 937 2149 .
999 2087 1254 2159 crebroexponanf,
1281 2088 1397 2159 postulo.
1423 2089 1603 2159 Quatssebsesn
1625 2088 1695 2143 lianc
1720 2084 1797 2142 nobis

253 2158 385 2219 cnm·
402 2160 521 2235 Ρθῑιιθῖθ·
539 2160 744 2236 (cucusoalmo
756 2162 839 2235 ⁴⁰⁴4
996 2179 1499 2251 mttnnsmcede.tlenqnnnsqusrn
1518 2180 1552 2238 tuf
1574 2194 1634 2241 seut
1656 2192 1714 2239 tem
1734 2177 1797 2233 ltor-

183 2250 264 2310 Ufbli
281 2254 389 2325 (luidem
411 2254 482 2323 ⁸⁰¹⁰,
505 2265 538 2310 ³0
550 2254 635 2309 muris
654 2260 682 2309 0²
702 2250 848 2327 parietibus
867 2251 947 2325 ⁶10⁰st
998 2281 1085 2331 latore
1097 2274 1289 2346 nibilindises,
1305 2282 1396 2333 temen
1409 2274 1445 2332 de
1469 2273 1519 2335 bac
1542 2288 1572 2329 re
1595 2270 1796 2342 tesubmonete

146 2361 240 2403 sumus
255 2364 262 2401 :
277 2362 371 2403 rerum
393 2360 428 2403 ex
453 2346 530 2413 urbe,
554 2362 614 2424 quae
634 2347 742 2418 proprie
763 2344 815 2401 boe
837 2346 946 2403 nusstine

146 2439 260 2509 gaudet,
275 2439 385 2495 minime
399 2438 584 2511 migravimus.
606 2438 674 2494 Natu
689 2438 712 2495 si
727 2454 776 2495 nos
792 2440 856 2497 urbs
869 2441 945 2507 estis,

147 2546 213 2587 sane
225 2548 286 2587 curn
301 2525 443 2589 nobiscum
464 2541 544 2605 atque
566 2534 593 2589 itt
608 2533 685 2589 robis
698 2542 828 2604 perpetuo
849 2532 944 2601 simus,

148 2625 212 2680 illud
233 2626 405 2696 perspicuum
428 2632 490 2694 est,
515 2640 564 2681 nos
578 2626 658 2681 ctiam
672 2625 716 2682 ltic
735 2635 944 2696 commorantes,

148 2718 243 2771 urbem
268 2718 341 2773 illam
358 2718 503 2777 babitare..
518 2718 611 2790 Neque
632 2719 704 2775 enim
727 2719 819 2775 dubito
833 2720 896 2791 quin
917 2718 945 2776 itt

139 2808 244 2866 animis
264 2810 360 2870 uestris
382 2810 534 2873 habitemus
556 2828 563 2867 s
583 2824 617 2867 sc
636 2812 753 2869 vicissim
775 2826 946 2884 quocumque

70 2949 71 2952 ,
146 2899 309 2966 abierimus,
333 2915 382 2955 vos
403 2915 519 2972 omncs,
542 2902 588 2973 qui
602 2902 686 2958 nostri
701 2917 794 2959 amore
813 2901 943 2975 ssssqratis,

145 2991 236 3045 animo
250 2989 470 3047 circumferimus.
494 2992 550 3048 lloc
569 3008 649 3065 porro
663 3006 712 3049 nos
725 3008 775 3050 nec
789 2992 869 3065 buJus
891 2993 943 3050 loci

145 3080 319 3138 solitudinem
332 3084 394 3153 (est
408 3091 498 3138 autem
511 3085 593 3139 totius
609 3084 683 3139 orbis
697 3094 777 3141 terrae
789 3084 943 3143 desertissi-

144 3175 229 3245 mus),
250 3189 302 3231 nce
315 3174 471 3246 predonum
485 3176 654 3233 obsidionem
668 3178 749 3251 (nam
763 3180 881 3251 quotidie
895 3181 944 3237 ob·

70 3325 71 3334 ¹
146 3265 273 3339 sidetur),
288 3281 339 3322 nee
350 3266 467 3339 denique
481 3267 589 3335 famem,
602 3284 662 3340 quas
673 3268 735 3325 bitte
747 3282 836 3326 ortum
851 3270 941 3340 trabit,

144 3356 299 3426 perspicere
310 3356 375 3413 siolt
387 3374 394 3412 :
407 3356 627 3430 quandoquidem
645 3376 743 3432 corpus
764 3361 807 3419 blo
826 3362 941 3419 delirum

145 3456 201 3513 cst,
225 3448 314 3503 anima
334 3462 400 3505 uero
422 3450 493 3520 apud
513 3466 561 3506 sos
581 3450 685 3507 uersam
706 3466 760 3509 oon
779 3452 888 3510 desinit.
906 3453 963 3512 dt.

144 3540 272 3612 quoniam
287 3540 329 3608 lis,
353 3542 397 3613 qul
424 3543 579 3600 ltocattimo
601 3544 704 3615 pradttt
727 3556 798 3612 sunt,
819 3546 941 3619 corporis

144 3648 252 3707 quoque
271 3636 415 3706 presentia
427 3652 591 3709 magnopere
604 3652 667 3694 cara
685 3646 712 3694 ct
725 3641 874 3710 expetenda
887 3650 938 3708 est,

143 3742 299 3801 morerque
310 3725 397 3797 adest,
410 3745 473 3786 cum
485 3746 516 3788 ea
538 3740 659 3802 negatur,
682 3732 709 3789 id
729 3748 810 3805 porro
829 3736 940 3793 minime

143 3818 202 3877 llerl
223 3829 323 3890 potest,
337 3821 401 3877 buic
410 3824 450 3879 rel
463 3824 609 3879 maximum
621 3823 771 3881 remedium
785 3826 862 3881 affert
875 3842 940 3882 con·

144 3928 254 3985 precem
274 3915 330 3983 illc,
351 3918 397 3987 qul
418 3918 522 3973 mutuis
542 3916 663 3988 epistolis
683 3926 853 3990 comparatur
865 3936 872 3975 ε
886 3936 940 3993 qno

143 4006 167 4060 si
187 4006 267 4063 nobts
287 4022 396 4078 perros
407 4010 517 4081 copiose
536 4009 587 4066 frui
603 4010 749 4081 contingat,
771 4009 821 4066 trae
834 4027 940 4084 quoque

997 2366 1108 2424 utisime
1122 2366 1294 2427 desistemus.
1311 2365 1403 2439 lleque
1417 2366 1490 2427 etnim
1504 2366 1628 2437 cuiquam
1653 2365 1736 2428 animi
1750 2366 1791 2428 lu·

998 2457 1145 2523 sationem,
1157 2468 1240 2527 utrque
1254 2467 1310 2521 tuus
1325 2457 1490 2526 solitudinis,
1506 2466 1562 2521 tum
1576 2456 1794 2529 quotidianorum

999 2561 1144 2618 termnum,
1168 2552 1213 2623 qui
1228 2567 1262 2613 es
1278 2550 1433 2621 predonum
1450 2551 1602 2615 incursione
1615 2550 1691 2609 nobis
1704 2550 1794 2613 orion·

998 2655 1052 2711 tur,
1063 2636 1120 2699 tuns
1136 2642 1223 2699 morbi
1235 2643 1367 2715 corporis.
1380 2642 1608 2713 adversarumque
1618 2642 1731 2705 aliarum
1749 2657 1793 2699 re·
1870 2704 1873 2711 ,

997 2751 1056 2793 tuin
1072 2735 1285 2794 consolationem
1299 2734 1365 2791 illud
1380 2735 1458 2799 nubis
1470 2736 1613 2805 allaturum
1624 2744 1684 2803 eut,
1713 2734 1736 2789 si
1758 2750 1793 2789 ex

996 2826 1082 2895 subis,
1094 2827 1190 2897 quibus
1204 2826 1436 2895 cartennensem
1450 2827 1640 2898 intelligamus,
1653 2840 1701 2884 uos
1714 2826 1790 2885 firmo

996 2920 1150 2981 nsuetudine
1161 2936 1232 2989 esse,
1246 2922 1391 2995 emmaque
1401 2922 1476 2987 tobis
1500 2938 1533 2982 us
1558 2923 1638 2984 enimi
1661 2922 1792 2988 statuentia

995 3014 1120 3083 cresim,
1138 3014 1243 3079 etiamsi
1255 3014 1355 3087 ulloqui
1375 3026 1516 3079 sexcetttas
1530 3015 1607 3079 uoltis
1621 3022 1793 3085 tempestates

995 3119 1204 3163 commentores.
1217 3105 1267 3177 Qui
1282 3106 1388 3170 tandem
1403 3107 1493 3171 istud?
1505 3107 1636 3179 Quottiam
1657 3106 1725 3166 ttiltil
1739 3106 1791 3166 int·
1828 3127 1831 3133 ·

994 3196 1079 3270 pedit,
1094 3197 1249 3270 quominus,
1265 3198 1310 3271 qui
1335 3200 1460 3271 generosi
1482 3210 1511 3258 ct
1534 3198 1684 3271 experrecti
1710 3208 1791 3275 utque

993 3288 1183 3350 attentisninsi
1211 3300 1268 3361 cst,
1292 3292 1373 3355 etiam
1396 3293 1422 3347 in
1446 3292 1603 3364 perturbato
1622 3291 1789 3374 rseqotiosusn

993 3381 1063 3440 mart
1076 3380 1190 3439 feliciter
1209 3384 1335 3455 ttasipct:
1351 3384 1577 3457 quemadmodum
1599 3394 1714 3453 contra,
1743 3384 1790 3459 qui

993 3470 1085 3544 ignati
1096 3487 1128 3529 ac
1139 3475 1302 3534 consternati
1315 3476 1456 3547 supiniqun
1469 3476 1551 3537 snisui
1563 3484 1615 3545 cst,
1646 3476 1790 3548 tranquillo

992 3576 1099 3635 quoque
1116 3564 1184 3621 nsari
1207 3566 1375 3634 perturbetur
1387 3569 1503 3639 usquein
1523 3569 1638 3630 tumultu
1657 3577 1788 3630 summus.

1027 3698 1152 3758 cxlvi.
1166 3702 1308 3767 fluendum,
1325 3702 1445 3774 Niceten,
1459 3704 1587 3776 Cboercae,
1604 3706 1755 3779 presbyteris

1148 3802 1171 3848 et
1185 3796 1325 3849 otonucln's.
1342 3794 1458 3865 (Cucuso
1468 3812 1538 3853 anno
1552 3796 1630 3871 tute.)

1030 3925 1084 3983 llo's
1097 3927 1204 3999 quidem
1215 3926 1366 3986 isaurorum
1378 3930 1649 4005 incursionemutquc
1658 3932 1787 4007 impetum
1823 3940 1824 3943 ’

991 4020 1122 4078 absentie
1136 4030 1232 4079 vestras
1246 4038 1354 4081 causans
1367 4040 1427 4081 esse
1446 4023 1553 4083 dicitis:
1576 4036 1605 4084 at
1622 4042 1672 4102 eqo
1685 4042 1733 4085 tos
1758 4038 1787 4086 et

144 4098 272 4154 nsoestitia
287 4099 414 4159 liberatos
434 4115 484 4157 nos
503 4082 661 4158 nrsst'eruus.
684 4102 764 4158 Potes
777 4104 849 4158 euim
869 4104 937 4175 lpse,

143 4191 252 4249 domine
273 4193 309 4249 mi
323 4208 384 4249 cum
405 4195 499 4265 primis
511 4194 684 4264 admirande,
699 4196 849 4268 presentie
863 4198 939 4253 solu·

142 4292 243 4357 ptatcsn
258 4299 306 4356 per
319 4286 409 4342 literas
420 4287 591 4345 adumbrere.
990 4294 1058 4353 Nam
1073 4311 1113 4355 ete
1125 4298 1245 4357 caritatis
1258 4312 1352 4369 pennae
1376 4310 1458 4369 sunt,
1486 4310 1515 4367 ut
1529 4304 1632 4362 etiarnsi
1660 4314 1786 4364 sescenta

210 4402 213 4414 ·
250 4376 374 4434 ciffi.
391 4379 509 4452 dicqenl.
527 4381 651 4453 (Scripta
665 4396 735 4437 anno
749 4382 831 4454 tut.)
989 4387 1219 4461 impedimentum
1236 4391 1374 4461 objiciunt,
1393 4402 1505 4465 repente
1524 4402 1612 4461 umen
1635 4410 1667 4453 sc
1688 4412 1784 4469 magna

179 4470 307 4530 bamus
319 4473 429 4544 quidem
450 4474 526 4529 loeus
538 4484 581 4530 est
598 4472 735 4544 dueusm,
751 4482 778 4531 et
791 4476 890 4547 alloqui
904 4477 938 4533 ad
988 4494 1051 4535 cum
1067 4478 1194 4537 facilitate
1209 4480 1308 4553 ubique
1320 4480 1399 4538 adsit.
1414 4476 1489 4552 Quod
1505 4484 1527 4541 si
1551 4500 1680 4558 corperea
1696 4484 1783 4543 iestra

141 4562 315 4619 habitandum
338 4565 522 4637 periculosus,
538 4574 568 4622 ut
587 4568 631 4636 qui
652 4577 781 4638 perpetuo
802 4569 936 4625 latronum
989 4572 1134 4643 prae'sentia
1145 4586 1280 4640 caremus,
1292 4574 1395 4644 precari
1409 4590 1443 4631 uc
1453 4576 1619 4632 intermittite
1633 4592 1640 4631 ε
1656 4592 1688 4659 ae
1714 4576 1784 4633 fleus

141 4655 388 4730 nsetulnfsstusslt
403 4674 411 4712 s
427 4667 455 4713 tu
470 4672 546 4724 soro,
559 4659 641 4715 etiam
654 4659 768 4727 absens,
784 4675 846 4717 eum
860 4662 937 4719 nobis
988 4676 1109 4732 cumpro
1134 4664 1361 4735 smmntssttste
1383 4664 1467 4723 debit.
1481 4666 1701 4737 Quandoquidem
1725 4666 1783 4739 lpse

139 4744 170 4800 in
185 4744 397 4809 amenissimum
419 4748 508 4806 locum
530 4750 710 4808 commutasti.
733 4750 799 4806 uam
813 4766 875 4808 cum
894 4754 936 4810 itt·
988 4771 1096 4828 quoque
1121 4758 1393 4831 animosossssidue
1407 4776 1514 4832 gerens,
1539 4774 1711 4832 congressum
1734 4776 1782 4819 ve-

991 4112 1098 4181 adesse,
1113 4112 1288 4171 etnobiscum
1305 4116 1405 4171 uersari
1424 4116 1503 4183 dico,
1530 4132 1616 4189 neque
1633 4114 1786 4189 hujusmodi

990 4219 1059 4270 rem,
1070 4204 1379 4279 quinadnosueneritis,
1397 4207 1588 4281 impedimento
1601 4209 1676 4267 uobis
1693 4208 1784 4277 fuisse.

138 4850 335 4912 gentemtuum
348 4844 650 4916 celum,sinceramque
666 4843 936 4920 sefetrentemorge
987 4856 1074 4904 strum
1090 4846 1161 4905 baud
1178 4848 1783 4925 vulgareminmoduntdesideromequetlu·
1885 4878 1889 4885 ·

139 4946 191 4988 nes
211 4933 349 4992 caritatem
371 4936 494 4994 audimus
508 4935 518 5009 (
530 4935 596 4994 nibil
616 4936 688 4995 enim
707 4937 802 5016 nobis,
815 4940 936 5009 quamvis
987 4938 1129 5011 biloquio
1145 4938 1215 4995 istud
1230 4938 1296 4997 mibi
1309 4944 1456 5014 contingat,
1471 4943 1616 5000 dnmmodo
1629 4960 1710 5012 eunt,
1736 4948 1782 5018 qui

140 5032 197 5079 mm
212 5024 291 5096 longe
312 5027 430 5098 dissitis,
445 5027 608 5102 incognitum
628 5030 686 5094 est)
699 5075 707 5101 ,
722 5030 936 5090 benevolentiam
989 5040 1175 5104 tempestatem
1184 5048 1291 5089 omnem
1301 5034 1444 5102 discutere,
1459 5042 1608 5108 cunctaque
1619 5038 1647 5091 in
1657 5050 1780 5111 naspnsm

139 5121 231 5181 trum,
254 5127 387 5187 tattsqmns
410 5123 566 5194 sinplissltnl
588 5120 727 5195 cuiusdam
748 5125 887 5194 thesauri,
903 5143 936 5184 ac
988 5126 1207 5197 tranquillitatem
1221 5126 1354 5185 adducere
1366 5138 1464 5200 potest,
1491 5131 1588 5187 obnixe
1600 5130 1719 5188 oretiset
1731 5133 1781 5192 olt·

140 5204 359 5266 inenarrabilium
371 5210 523 5270 disiu'artsm
533 5213 628 5273 ‘instar
640 5218 784 5288 hebentes,
799 5220 837 5277 itt
847 5220 934 5278 allici-
984 5218 1111 5274 secretis.
1127 5216 1167 5275 Ut
1178 5228 1267 5276 autent
1293 5234 1383 5277 rerum
1405 5222 1512 5293 qtieque
1535 5231 1687 5279 nostrarum
1711 5232 1782 5281 statu
1819 5292 1824 5300 Ι

140 5312 213 5363 mur,
223 5308 253 5355 ει
264 5300 342 5357 nobis
352 5304 403 5374 ipsi
411 5297 440 5360 vln
454 5308 586 5363 tutissltna
598 5310 773 5369 urbermsri
785 5314 932 5382 videamur,
986 5310 1094 5383 counito
1108 5311 1245 5380 tetemtni,
1262 5310 1361 5385 ingenti
1375 5314 1558 5388 quietemque
1572 5314 1628 5373 otio
1646 5314 1758 5371 fruimur
1772 5359 1780 5387 ‚
1815 5332 1822 5349 ·

139 5396 214 5446 tanta
227 5390 351 5448 videlieet
362 5391 453 5450 leucia
468 5398 561 5462 erecti,
576 5400 775 5473 maximumque
789 5404 850 5460 ltine
860 5408 933 5461 sola-
983 5418 1136 5478 corpusque
1146 5415 1279 5472 nostrum,
1294 5407 1345 5463 stsi
1358 5407 1458 5479 sttnqut
1474 5409 1557 5465 multa
1567 5410 1688 5481 sintque
1698 5408 1780 5480 ipsius

137 5480 206 5537 tium
221 5482 369 5555 millenia·
383 5486 443 5555 0⁸¹⁰
457 5488 537 5560 tqitur
555 5489 625 5553 flllet·
636 5492 747 5564 insuper
766 5494 844 5551 nobls
855 5498 932 5555 soln-
985 5500 1167 5559 ualetudinem
1180 5502 1349 5573 labefactent,
1376 5506 1442 5563 satis
1469 5505 1609 5563 cocsmnde
1634 5520 1664 5561 se
1689 5504 1778 5570 babet,

135 5573 219 5644 ptatis
241 5577 365 5633 cumulus
389 5580 517 5647 accedat,
545 5581 625 5637 solitu
650 5582 735 5640 literis
755 5602 861 5659 quoque
884 5604 933 5645 nos
983 5591 1152 5665 Quemnam
1176 5594 1248 5649 enim
1272 5605 1300 5651 et
1317 5594 1482 5653 medicorum
1508 5596 1614 5669 inopia,
1639 5605 1779 5659 esserum

136 5676 254 5733 recrees,
268 5667 364 5737 quibus
374 5667 408 5726 de
420 5680 463 5727 tua
475 5672 624 5730 valetudine
633 5676 763 5734 certiores
772 5677 929 5738 efficiamur.
985 5684 1198 5745 necessariarum
1219 5686 1331 5759 penuria
1357 5686 1446 5762 (nibil
1464 5688 1534 5763 enlm
1550 5687 1594 5745 bic
1608 5690 1703 5747 renale
1715 5702 1776 5759 cst,

134 5753 202 5819 mu
215 5760 267 5819 etsi
281 5762 391 5821 diffcile
409 5763 481 5825 istud
494 5777 553 5835 est,
570 5775 625 5825 tum
639 5768 676 5827 eb
688 5768 737 5827 tic
750 5770 930 5844 longinquus·
984 5763 1237 5837 neemedieeussnts
1245 5781 1300 5839 ulls
1308 5782 1486 5853 suppetunt),
1499 5790 1529 5842 et
1538 5782 1777 5857 enliintempsrits
