4142 6342
248 331 298 390 751

248 449 275 504 iu
290 447 434 518 muretum
447 445 522 502 illum
535 449 683 500 commutat
695 447 776 512 atque
789 434 947 506 corrumpit,
959 430 1043 489 imbe-

233 541 358 598 cillitate
369 539 428 612 eius
442 538 496 594 rim
510 534 562 592 eibi
574 532 761 590 labefactante.
776 530 869 603 ltaque
881 539 910 585 et
921 543 971 584 nos
980 541 1042 584 eum

247 632 370 689 ridemus
381 644 425 688 res
437 627 645 700 incompositas,
659 641 694 681 ne
708 625 792 682 Deum
805 624 959 695 culpemus,
974 622 1042 679 dile-

247 722 302 779 eli:
320 721 385 777 illud
397 720 470 776 enim
484 734 538 775 non
556 726 598 775 est
618 717 766 775 remedium
787 716 908 772 invenire
921 714 1041 781 uulneri,

247 813 295 870 sed
309 811 404 870 vulnus
414 811 514 868 addere
526 811 640 867 uulneri.
653 809 693 866 Ne
707 809 873 866 daemonibus
887 807 977 865 mundi
992 807 1042 862 ad·

248 904 470 961 ministrationem
489 903 681 969 attribuamus,
698 918 732 959 ne
745 903 887 973 praesentia
907 902 966 958 sine
978 915 1042 972 pro-

244 994 363 1052 ridenlia
381 1002 437 1068 geri
462 1008 601 1066 putemus,
619 1011 653 1050 ne
665 995 771 1068 genesis
788 993 927 1064 eujusdam
948 1003 977 1049 et
995 993 1042 1047 lall

246 1085 416 1160 tyrannidem
429 1087 476 1144 bel
486 1088 667 1160 vprovidentie
680 1103 731 1144 ceu
747 1101 853 1143 nrmnm
873 1085 1017 1142 oderamus
1032 1102 1040 1139 r

246 1177 305 1234 itare
315 1179 387 1236 euim
401 1181 491 1236 omnia
506 1179 678 1252 blasphemie
690 1180 769 1252 plena
779 1187 852 1247 sunt,
866 1188 894 1234 et
906 1191 970 1234 rere
981 1191 1044 1248 per·

240 1261 364 1326 'turbatio
382 1280 411 1327 el
432 1271 553 1326 conlusio
576 1287 628 1326 uon
648 1273 675 1326 iu
690 1287 778 1326 rernm
794 1269 866 1325 lluxu
878 1276 938 1334 csl,
951 1267 1000 1324 sed
1014 1267 1041 1323 in

246 1358 338 1415 auimo
352 1360 389 1415 lta
403 1360 515 1428 alleetn;
533 1361 579 1434 qui
592 1362 696 1417 etiamsi
710 1360 781 1416 boun
792 1359 923 1415 ordineet
933 1373 1043 1430 compo·

247 1452 345 1509 sitione
357 1447 447 1510 rerum
462 1455 559 1511 millies
573 1454 689 1520 fruator,
701 1453 787 1509 donec
801 1453 827 1509 io
848 1453 938 1524 seipso
948 1451 1043 1508 conlu-

246 1547 350 1604 nonen
364 1547 436 1604 illam
448 1557 528 1619 atque
541 1548 766 1620 perturbationem
781 1545 974 1611 eruendarerit,
988 1561 1042 1602 non

246 1640 345 1711 poterit
356 1640 391 1696 de
405 1641 449 1695 illa
464 1655 554 1695 rerum
570 1640 760 1710 tranquillitate
769 1639 901 1711 gaudem
912 1637 959 1695 sed
972 1641 1043 1694 sleot

246 1731 423 1803 oculusaeqer
437 1734 520 1787 etiam
541 1731 648 1787 lucente
666 1729 779 1788 meridie
798 1731 922 1786 tenebras
941 1739 969 1786 cl
989 1728 1041 1784 alia

219 1818 224 1832 '
247 1837 298 1894 pro
309 1823 371 1880 aliis
382 1823 497 1890 uidebit,
513 1839 564 1881 nee
578 1824 660 1881 radiis
674 1823 789 1892 leuetur,
801 1839 884 1880 santo
899 1830 989 1879 autem
1009 1837 1043 1878 ae

246 1913 340 1971 brmm
353 1915 434 1971 etiam
448 1930 560 1987 uespere
580 1916 679 1988 poterit
699 1931 797 1987 eorpus
814 1929 876 1971 eom
897 1914 1042 1972 secrrritate

247 2005 346 2065 ducere
360 2025 368 2065 a
381 2009 422 2065 sie
439 2017 468 2064 et
489 2009 587 2066 mentis
603 2019 701 2064 nostre
719 2009 830 2076 ocrrlus,
845 2006 932 2064 donee
949 2007 1043 2062 lrrmus

246 2100 309 2169 erit,
322 2115 368 2157 res
378 2101 459 2158 etiam
473 2101 542 2167 illas,
554 2117 615 2173 quae
625 2103 744 2158 eonlusae
757 2110 903 2170 apparent,
917 2108 991 2156 recte
1003 2099 1043 2153 ri-

246 2192 339 2260 debit;
362 2194 521 2265 depravatus
540 2203 648 2261 auum,
667 2193 790 2265 quamuis
807 2208 869 2248 eum
896 2191 925 2247 in
954 2191 1040 2262 ipsum

245 2286 341 2342 uclttm
353 2286 472 2350 attollas,
488 2286 600 2342 attritam
615 2287 650 2342 ibi
666 2284 894 2356 perturbationem
906 2291 935 2338 cl
947 2280 1043 2338 conlur-

244 2376 351 2433 sionem
360 2375 642 2448 deprehendeblluod
652 2385 745 2432 ειιιιιιιιι
756 2374 863 2432 boella
873 2389 903 2428 sc
914 2372 1040 2438 babeant,

247 2467 339 2525 multis
358 2469 405 2524 tibi
429 2461 491 2524 euni
503 2477 637 2533 ueterum,
655 2477 710 2524 tum
731 2467 782 2522 arri
805 2466 890 2522 nostri
909 2462 1064 2533 exemplis·

224 2563 228 2571 '
245 2558 445 2617 denomuabo.
453 2560 525 2630 Quot
532 2569 714 2631 paupertatem
723 2557 801 2615 laeilc
810 2559 908 2624 lerum,
920 2564 1042 2627 propter-

245 2667 329 2726 eaque
343 2655 398 2710 lleo
418 2655 517 2726 gratias
536 2669 615 2726 agere
638 2669 691 2710 nuo
712 2653 840 2710 eeaeautl
858 2661 925 2724 quet
941 2650 1042 2707 diuitiis

245 2748 401 2821 deliciisque
423 2749 544 2806 leuenus
555 2748 612 2805 ben
626 2763 680 2807 non
693 2749 794 2820 gratias
805 2759 904 2819 squru,
921 2747 968 2804 sul
990 2746 1041 2813 ipsi

246 2842 425 2898 maledicunt?
435 2853 500 2914 quot
515 2843 580 2908 nibil
594 2858 679 2913 grane
689 2842 760 2912 prssi
776 2841 953 2896 universalem
969 2838 1041 2894 illam

245 2934 441 3006 providentiam
460 2935 611 2990 accusant?
629 2945 694 3005 qnot
708 2935 735 2989 in
749 2949 860 2990 carcere
880 2933 954 2988 omni
973 2942 1042 2988 tem·

247 3041 314 3096 pore
326 3025 472 3096 degentes,
489 3025 560 3082 lanne
574 3027 710 3081 iniseriam
722 3026 826 3097 gratius
838 3025 945 3090 lerrrnt,
961 3039 1041 3096 qnam

245 3116 321 3188 liqui
336 3117 363 3172 in
378 3116 502 3172 libertate
514 3126 542 3172 ct
558 3120 706 3172 securitate
722 3117 805 3172 rtem
826 3117 947 3172 dueuutl
961 3115 1042 3172 llides

245 3207 343 3262 animae
362 3216 479 3273 statum,
502 3217 530 3263 et
554 3208 690 3278 propriam
713 3209 845 3280 cujusque
863 3219 998 3275 mentem,
1013 3217 1042 3264 et

246 3298 341 3355 borum
355 3308 383 3355 et
396 3299 503 3355 illorum
515 3315 624 3356 eausam
636 3315 712 3368 esse,
724 3316 778 3356 non
796 3311 885 3356 autem
899 3301 984 3371 ipsam
996 3317 1041 3356 rc·

245 3407 306 3449 rom
321 3403 453 3448 naturam.
470 3393 561 3464 imque
574 3396 597 3448 si
614 3393 696 3451 animi
715 3394 799 3450 nostri
813 3409 905 3449 coram
926 3393 1041 3450 liabere-

246 3502 325 3553 mus,
347 3487 413 3540 uibil
433 3487 658 3556 perturbationis,
681 3487 746 3541 nibil
769 3486 948 3551 cunlnslnnis,
973 3487 1040 3543 nibil

246 3595 329 3650 graue
341 3589 427 3646 esset,
441 3579 545 3634 etiarnsi
561 3580 654 3649 euripo
668 3580 762 3651 quouis
780 3580 966 3635 uebcmentius
979 3581 1041 3635 vitm

246 3680 346 3729 nostr-e
368 3687 413 3728 res
432 3687 480 3727 sus
500 3669 587 3743 deque
607 3672 748 3728 lcrrcntnr.
761 3670 815 3727 Cur
828 3673 917 3738 enim,
931 3688 1040 3744 qun-so,

246 3763 345 3821 Paulus
365 3767 464 3836 garrias
486 3767 560 3837 aqitl
580 3766 659 3838 Atqui
675 3767 727 3822 ise
742 3781 854 3821 merrtem
875 3781 968 3820 onrrrm
981 3775 1042 3832 est,

245 3856 292 3929 qui
311 3859 412 3927 optime
425 3858 570 3926 riserunt,
584 3868 611 3914 et
626 3857 750 3913 uirtutem
769 3866 826 3913 loto
846 3857 906 3912 ritae
920 3867 1041 3928 tempure

244 3948 341 4006 sectati
351 3959 424 4018 sunt,
433 3959 461 4006 et
471 3949 582 4006 minime
590 3949 680 4020 gravia
690 3949 840 4021 lrrrJosmodi
851 3949 1018 4022 pertolemnt
1031 3965 1039 4004 ε

131 4069 139 4082 ·
246 4056 327 4097 nemo
341 4057 374 4096 ex
388 4041 523 4110 omnibus,
535 4042 579 4116 qui
594 4041 678 4098 solem
688 4041 878 4113 adspexerant,
892 4041 934 4096 rel
945 4040 1042 4112 justior

246 4131 293 4187 illo
307 4132 366 4196 init,
381 4132 422 4188 vel
436 4135 572 4204 asperiora
587 4149 668 4204 qoam
683 4133 729 4188 llle
741 4135 837 4203 passus
849 4143 900 4188 est.
914 4135 1041 4187 Attamen

245 4239 307 4280 cum
318 4225 420 4280 rideret
430 4226 528 4280 turritos
540 4227 568 4280 in
581 4225 697 4298 nequitia
710 4226 829 4282 uiuentes
843 4226 905 4280 leto
914 4240 975 4281 esse
984 4225 1042 4278 ani-

247 4331 311 4384 mo,
324 4334 357 4374 ae
375 4320 553 4390 presentibus
568 4320 618 4376 lrui
634 4321 778 4392 pecuniis,
792 4321 891 4392 gratias
905 4323 964 4392 ipse
986 4322 1045 4376 ileo

246 4410 353 4482 agebat,
367 4420 394 4467 et
406 4410 473 4468 alios
487 4423 515 4469 ιιι
526 4413 597 4469 idem
609 4413 730 4470 iacerent
738 4411 954 4469 hortabatur.Ad
965 4413 1040 4467 illum

174 4513 179 4521 ’
247 4503 382 4574 respicite.
397 4505 429 4560 Et
445 4516 471 4561 tn
485 4521 546 4562 enm
560 4505 659 4562 rideris
681 4504 833 4576 improbum
846 4504 914 4578 ,lato
934 4493 1043 4572 animo,

207 4647 212 4654 ,
247 4593 347 4650 clatum
357 4637 366 4663 ,
378 4610 439 4651 eum
455 4595 556 4655 rideris
570 4596 695 4654 inimicos
707 4593 941 4667 prosternentem,
956 4595 1042 4652 mole·

241 4697 304 4748 stos
313 4687 363 4742 sibi
373 4687 495 4746 homines
506 4690 689 4752 triciscenlem,
701 4689 765 4745 nrrlli
776 4688 920 4744 obnoxium
931 4687 1042 4755 damno,

230 4777 495 4838 ‘cirerrmllucntibus
507 4783 625 4855 undique
637 4781 748 4849 diuitiis,
759 4782 902 4838 clientibus
911 4791 939 4837 et
947 4781 1041 4837 adala·

248 4872 352 4928 toribus
365 4873 510 4946 stipatum,
523 4884 549 4929 te
564 4890 628 4930 rero
639 4875 665 4930 in
677 4883 747 4930 statu
763 4889 873 4944 prorsus
889 4874 1042 4941 contrario,

247 4965 388 5032 molestiis,
401 4967 594 5040 sycopbmuils,
609 4966 712 5022 insidiis
727 4965 878 5036 obsessum,
888 4981 954 5021 care
964 4974 1043 5036 poles

620 325 649 381 S.
667 321 808 381 tutunus
819 313 1057 378 cuutsusuuttl
1082 314 1242 374 auertiue.
1258 316 1524 378 uousrttlutllott

1835 327 1889 386 lua

1094 431 1166 490 aliod
1185 433 1320 507 quidpiam
1334 450 1416 508 prave
1436 437 1560 510 patiatur.
1573 437 1670 498 noan
1689 440 1762 514 erin
1774 441 1820 502 ille
1831 452 1885 512 eat,

1094 524 1198 582 etiamsi
1211 526 1260 598 ipsi
1270 527 1339 583 oculi
1350 529 1548 602 exsculpuntur,
1556 531 1660 588 edamsi
1670 521 1886 602 orator,'etiamsi

1095 632 1193 690 eorpus
1213 618 1271 690 ejus
1293 620 1422 694 paulatim
1442 624 1665 682 conseranensi
1680 635 1770 684 auum
1788 627 1887 686 rideris

1094 710 1175 766 alium
1188 710 1214 767 in
1230 711 1348 781 lasciuia,
1363 715 1479 788 nequitia
1491 719 1674 790 extremisque
1684 720 1834 778 sceleribus
1845 721 1887 778 ri-

1093 809 1211 869 rcntem,
1224 818 1321 876 magno
1337 805 1468 862 fruentem
1479 805 1600 875 bonore,
1614 808 1641 866 in
1653 808 1740 880 ipsum
1758 808 1885 868 thronum

1094 893 1196 964 replum
1208 896 1408 964 ascendentem,
1424 897 1573 957 diademate
1585 899 1737 959 redimitum
1748 942 1756 970 ,
1768 919 1889 975 purpura

1094 985 1232 1054 indutum,
1248 989 1373 1046 universo
1393 990 1452 1048 orbi
1474 991 1666 1062 imperantem,
1682 992 1848 1067 lacrymare,
1862 1007 1889 1050 et

1095 1078 1166 1134 illum
1180 1079 1242 1136 ideo
1253 1080 1381 1142 miserum
1395 1093 1500 1156 reputa.
1512 1083 1583 1140 ilibil
1595 1085 1667 1142 enim
1685 1085 1810 1144 miserius
1829 1089 1886 1142 ani-

1094 1189 1138 1227 rnn
1158 1174 1194 1229 ita
1215 1175 1331 1244 allecto,
1351 1179 1457 1234 etiamsi
1472 1189 1556 1235 totum
1574 1179 1667 1238 orbem
1681 1181 1731 1238 sibl
1750 1181 1890 1238 subditum

1094 1267 1200 1325 babeat.
1220 1269 1289 1340 Quid
1311 1273 1382 1326 enim
1404 1273 1579 1330 emolumenti
1602 1275 1722 1346 peerrrtiis
1750 1274 1891 1332 abundare

1093 1374 1166 1426 eunt,
1178 1361 1223 1434 qui
1236 1361 1307 1433 quod
1320 1363 1354 1418 ad
1368 1364 1493 1420 uirtutem
1505 1373 1607 1436 spectat
1618 1365 1737 1422 omniurn
1750 1367 1888 1437 pauperri-

1093 1466 1153 1507 mus
1174 1443 1229 1509 siti
1241 1453 1304 1528 quid
1320 1454 1386 1512 lucri
1407 1457 1526 1513 tuturis
1541 1455 1673 1528 imperare
1687 1473 1763 1523 enm,
1778 1457 1823 1529 qui
1836 1472 1892 1514 ner

1093 1544 1210 1616 seipsum
1225 1561 1275 1602 nec
1288 1545 1397 1604 morbos
1410 1549 1493 1604 animi
1511 1548 1553 1604 sui
1570 1563 1699 1620 superare
1709 1548 1818 1621 nequltt
1832 1549 1889 1606 le-

1093 1653 1152 1692 rum
1166 1637 1189 1692 sl
1204 1637 1341 1694 rideamus
1352 1653 1450 1712 eorpus
1466 1641 1536 1698 tnale
1548 1640 1691 1708 allectum,
1712 1641 1888 1708 sobrinum,

1093 1729 1205 1800 pedibus
1218 1729 1420 1799 laborans,.aul
1430 1732 1491 1789 tabo
1509 1742 1556 1790 aut
1567 1733 1622 1790 allo
1633 1733 1764 1805 quopiam
1779 1732 1886 1788 incora-

1093 1820 1138 1878 bili
1154 1823 1248 1878 morbo
1261 1821 1419 1890 detentum,
1436 1825 1624 1898 lacrymamur,
1638 1826 1688 1882 etsi
1704 1825 1750 1882 ille
1764 1825 1888 1890 otnuium

1093 1912 1318 1985 locupletissimus
1333 1917 1377 1970 rit·
1392 1917 1447 1972 into
1460 1927 1535 1974 tanto
1548 1920 1643 1990 maqls,
1656 1929 1757 1990 quanto
1767 1919 1887 1991 loeuple-

1092 2007 1145 2061 liur
1156 2016 1207 2062 est.
1219 2006 1285 2062 llam
1301 2017 1362 2064 ιιιιιυ
1375 2025 1470 2066 sensus
1485 2011 1616 2067 malorum
1628 2013 1740 2079 acutior,
1753 2028 1814 2070 eom
1824 2013 1888 2086 quis

1093 2099 1119 2155 iu
1130 2100 1291 2157 abnndantia
1301 2118 1391 2158 rerum
1405 2105 1617 2161 necessariarum
1633 2117 1763 2164 verentur.
1778 2107 1890 2165 Etenim

1092 2193 1138 2264 qni
1153 2209 1206 2262 prm
1222 2205 1377 2265 paupertate
1387 2196 1523 2252 abborum
1535 2196 1787 2264 lruiliouearcotor,
1799 2199 1885 2270 ipsam

1093 2287 1279 2342 successionem
1300 2287 1489 2343 currsrdationis
1511 2289 1570 2350 loeo
1591 2289 1690 2346 ltrrlret:
1705 2293 1756 2362 qul
1771 2307 1835 2348 roro
1853 2292 1892 2347 iis

1093 2377 1174 2436 rebus
1187 2377 1304 2434 abundat
1318 2389 1346 2436 el
1359 2381 1453 2436 armiro
1468 2380 1611 2452 impeditur
1624 2383 1658 2437 ab
1673 2398 1738 2447 osu,
1750 2383 1811 2439 ideo
1825 2399 1887 2438 ma-

1091 2472 1133 2542 gis
1156 2472 1250 2528 urilur.
1274 2473 1427 2540 uniantur
1449 2490 1501 2528 nnn
1514 2473 1659 2529 absttrdum
1675 2475 1771 2541 luerit,
1785 2475 1807 2529 si
1822 2489 1885 2530 eur·

1092 2577 1175 2633 pnreu
1190 2563 1284 2617 morbo
1304 2562 1445 2618 detentum
1460 2564 1616 2635 quempiam
1626 2564 1782 2633 rideamus,
1798 2561 1886 2635 ipsum

1093 2655 1221 2712 miserum
1245 2656 1413 2730 predicare,
1435 2658 1539 2714 etiamsi
1561 2657 1703 2730 opulentos
1721 2657 1775 2722 altr
1796 2658 1891 2713 anima

1092 2758 1180 2806 autem
1191 2749 1262 2805 male.
1271 2749 1375 2815 edecta,
1386 2751 1486 2818 anlnra,
1499 2748 1617 2820 inquam,
1629 2749 1672 2806 eui
1686 2761 1733 2818 par
1744 2747 1884 2820 nibil„qua

1092 2840 1234 2910 pretiosius
1258 2839 1340 2906 nibil,
1364 2842 1450 2913 ipsum
1472 2841 1578 2897 beatum
1593 2841 1685 2898 dieere
1703 2840 1739 2896 ob
1754 2839 1892 2896 tantillum

1092 2931 1223 3003 pcoumae,
1238 2931 1279 2987 rel
1292 2933 1328 2988 ob
1338 2927 1538 3003 terrrporanenn'r
1553 2931 1694 3001 bonorem,
1707 2931 1749 2987 rel
1759 2931 1795 2988 ob
1808 2930 1891 3000 quid-v

1092 3026 1162 3096 plaut
1174 3039 1277 3090 eurum,
1293 3041 1353 3097 quur
1368 3025 1411 3080 bic
1423 3025 1532 3096 quidem
1548 3033 1665 3090 rrrarrenl,
1675 3024 1723 3082 sed
1743 3032 1803 3096 post
1817 3023 1893 3080 bauo

1093 3118 1192 3182 tilam,
1213 3117 1267 3173 imo
1290 3119 1389 3189 sreplos
1410 3128 1471 3174 ante
1485 3120 1547 3174 vitre
1565 3119 1666 3175 exlmm
1680 3134 1729 3175 nos
1741 3118 1891 3175 ueremur

1093 3208 1170 3275 lidii,
1186 3225 1289 3280 queso.
1309 3209 1373 3266 llrre
1394 3211 1472 3265 rrrrbis
1490 3210 1698 3281 perturbationis
1710 3218 1738 3266 el
1757 3210 1885 3266 tumultus

1091 3313 1171 3356 eausa
1187 3309 1258 3355 sune
1275 3299 1338 3356 ldeo
1351 3300 1434 3356 ileum
1443 3312 1569 3357 acernam
1580 3302 1667 3369 inulti,
1681 3301 1741 3358 ideo
1755 3300 1890 3357 mondum.

1093 3393 1164 3448 trulla
1177 3393 1232 3462 regi
1248 3393 1413 3463 prouidentia
1424 3402 1526 3464 putant.
1538 3392 1614 3462 Quod
1628 3393 1650 3448 si
1664 3393 1766 3448 seirent
1779 3391 1843 3448 nibil
1856 3391 1882 3447 in

1092 3487 1218 3558 praesenti
1237 3487 1289 3541 vita
1304 3486 1364 3540 boui
1377 3499 1452 3551 esse,
1470 3485 1519 3540 uisi
1535 3488 1679 3551 rir·tulem;
1694 3499 1746 3540 non
1761 3482 1889 3550 divitias,
1946 3546 1954 3566 ἱ

1092 3595 1144 3634 uon
1160 3580 1307 3650 peetrnias,
1325 3593 1377 3634 uon
1392 3579 1552 3644 sanimtem,
1573 3594 1625 3633 uon
1649 3577 1808 3648 potentiam,
1830 3591 1891 3633 noo

1091 3669 1163 3726 alirnl
1180 3670 1332 3742 quidpiam
1348 3686 1397 3725 nnec
1410 3669 1544 3742 quidpiam
1559 3672 1620 3726 rnall
1633 3685 1693 3726 csse
1712 3671 1738 3726 in
1761 3671 1890 3742 presenti.

1092 3766 1156 3830 uim,
1170 3763 1220 3820 nisi
1235 3764 1391 3842 nequitiam,
1406 3763 1612 3834 improbitatem.
1624 3772 1654 3818 et
1669 3763 1766 3818 animae
1777 3777 1885 3834 perrer-

1091 3857 1215 3921 sitatem;
1240 3871 1292 3910 nou
1316 3863 1496 3926 parrpertatem
1516 3855 1558 3910 vel
1582 3855 1719 3922 morbum,
1732 3867 1786 3910 uon
1799 3853 1887 3910 mole-

1091 3949 1193 4015 stiam,
1214 3963 1265 4002 non
1290 3947 1467 4012 ealrrmniam,
1493 3962 1546 4002 non
1569 3947 1624 4002 alia·
1639 3962 1699 4017 qum
1712 3945 1804 4017 guvia
1824 3959 1885 4002 esse

1094 4049 1222 4110 putantur
1234 4056 1243 4092 :¹
1257 4055 1400 4113 numquam
1425 4039 1484 4094 talia
1509 4038 1691 4110 loquerentur,
1704 4037 1792 4108 qualia
1813 4051 1886 4094 nuuc

1092 4131 1360 4204 deont,numquarn
1382 4131 1408 4186 in
1429 4146 1545 4186 moerore
1559 4131 1694 4198 viverent,
1716 4143 1770 4188 non
1793 4129 1890 4188 beatos

1092 4223 1212 4280 mercem
1224 4238 1290 4286 eos,
1307 4237 1374 4294 qnos
1388 4224 1500 4278 miseros
1514 4221 1659 4294 prodicere
1670 4229 1822 4294 opnteret,
1835 4235 1886 4277 nee

1092 4316 1206 4372 miseros
1220 4314 1394 4384 predicarent
1410 4329 1474 4381 ens,
1487 4328 1554 4385 qnos
1569 4313 1661 4369 beatos
1672 4312 1785 4384 diei-par
1795 4320 1889 4377 esseta

1092 4423 1146 4464 nott
1160 4408 1195 4462 ita
1210 4421 1273 4477 erpa
1292 4405 1414 4462 bomines
1428 4403 1516 4462 adecti
1528 4413 1628 4462 essent.
1640 4403 1705 4460 llam
1721 4413 1830 4475 propter
1839 4402 1887 4458 bo·

1093 4513 1157 4554 nom
1170 4496 1292 4568 corporis
1305 4496 1423 4553 habitum
1436 4537 1444 4565 ‚
1459 4506 1487 4553 et
1501 4496 1622 4552 clbomrn
1634 4494 1756 4567 copiam,
1772 4505 1800 4552 et
1819 4493 1889 4550 mul·

1094 4599 1149 4648 tum
1163 4605 1286 4646 somnum
1300 4589 1393 4648 beatos
1412 4589 1559 4662 predicare
1574 4589 1715 4654 bonnnes,
1729 4588 1800 4664 rnlbll.
1814 4587 1887 4642 alind

1093 4692 1154 4750 est,
1168 4697 1247 4752 quam
1267 4697 1329 4754 erga
1345 4681 1403 4737 illus
1417 4687 1446 4736 ut
1459 4695 1521 4751 erga
1542 4679 1618 4736 bruta
1630 4679 1756 4736 animalia
1777 4679 1887 4735 allectos

1092 4790 1163 4832 esse.
1177 4775 1241 4830 Nam
1254 4783 1282 4831 et
1296 4773 1354 4830 inec
1367 4783 1408 4831 est
1423 4774 1530 4830 illomm
1545 4771 1676 4840 ielieilas;
1689 4761 1744 4830 imo
1763 4769 1790 4828 id
1804 4773 1885 4828 etiam

1094 4867 1120 4924 in
1141 4867 1226 4924 brutis
1245 4867 1345 4922 malurn
1361 4878 1419 4933 est;
1434 4865 1509 4920 multi
1524 4865 1622 4936 quippe
1636 4865 1703 4920 asini
1716 4872 1745 4919 ot
1756 4864 1816 4936 equi
1831 4863 1887 4919 otio

1094 4970 1122 5018 et
1142 4959 1275 5017 edacitate
1299 4958 1534 5030 polemianorum
1555 4957 1578 5014 si
1598 4956 1702 5022 bnrtis,
1720 4954 1817 5028 quibus
1832 4963 1885 5009 mta

245 5071 307 5114 csse
325 5066 352 5114 le
370 5073 405 5114 ex
422 5057 586 5128 abjectorum
606 5074 734 5125 nnmero;
757 5058 806 5116 sed
824 5056 935 5114 l‘auium
949 5056 1043 5112 ridens
1095 5053 1181 5109 uirtus
1195 5053 1220 5108 in
1235 5053 1305 5108 burn
1319 5052 1445 5119 corporis
1456 5048 1610 5104 ltabltodine
1622 5049 1672 5103 sita
1688 5057 1748 5111 est,
1764 5046 1790 5102 id
1804 5061 1887 5102 noctr-

245 5149 340 5207 eadem
362 5151 389 5206 in
410 5161 486 5224 parte
508 5161 680 5221 versantem,
697 5152 772 5224 erige
782 5153 907 5208 ‘animum
921 5193 929 5218 ,
945 5165 1041 5206 reroea
1094 5157 1186 5204 mento
1198 5153 1259 5212 est,
1272 5162 1305 5200 an
1322 5146 1348 5201 in
1363 5142 1514 5198 bominibus
1525 5185 1536 5212 ,
1548 5157 1661 5213 quorum
1674 5139 1764 5196 omnis
1774 5137 1888 5211 dignitas

245 5242 440 5314 cogitationes,
457 5258 491 5299 ne
505 5259 560 5316 pne
573 5259 688 5302 moerore
702 5243 820 5302 decidas.
842 5245 963 5300 Amicum
985 5243 1043 5299 Ilro
1095 5239 1121 5296 iu
1137 5237 1275 5293 nobilitate
1295 5237 1408 5302 urrimre,
1428 5235 1454 5291 id
1469 5234 1573 5289 virtutis
1592 5232 1653 5288 luco
1672 5231 1824 5304 potientes,
1840 5243 1889 5284 rnre

245 5344 326 5408 atque
340 5333 445 5395 bostem
461 5336 520 5408 ejus
533 5351 567 5390 ne
578 5352 612 5392 ex
624 5337 705 5394 rebus
715 5335 854 5409 prosperis
864 5345 910 5391 ant
919 5334 1044 5391 adrersls
1095 5331 1277 5391 reverebimur
1289 5330 1393 5397 celum,
1404 5341 1432 5387 et
1443 5327 1540 5384 animm
1554 5336 1654 5383 nostru
1666 5332 1796 5398 cognatos
1809 5336 1888 5394 ange-

246 5429 368 5493 arstima;
392 5428 440 5486 sed
465 5429 487 5484 si
510 5427 610 5484 rideris
629 5433 781 5510 quempiam
803 5437 877 5486 recte
899 5429 1042 5496 uirentem,
1095 5426 1157 5482 lost
1174 5440 1227 5480 non
1241 5423 1378 5480 erubescis
1393 5423 1478 5496 ipsam
1499 5418 1620 5490 corporis
1642 5425 1763 5474 naturam
1782 5424 1811 5470 ct
1833 5413 1889 5469 lor·

247 5523 459 5596 aegritudineque
480 5538 592 5581 rantum
614 5521 649 5578 ad
672 5523 797 5594 pietatem
820 5534 957 5595 spectare,
972 5523 1042 5578 lrunrc
1095 5517 1185 5576 maml
1205 5532 1258 5574 nou
1280 5517 1352 5573 enim
1374 5509 1599 5586 quemadmodum
1620 5509 1706 5566 brutis
1728 5521 1790 5566 eam
1813 5505 1889 5562 nobis

248 5612 355 5670 beatum
368 5625 396 5672 et
408 5613 579 5671 emulatione
591 5613 700 5686 utqnnn
711 5622 784 5684 pota,
795 5613 899 5669 etiamsi
909 5613 1044 5670 sexcentis
1094 5610 1199 5669 cldttxit
1213 5610 1293 5676 Deus,
1308 5606 1353 5664 sed
1369 5616 1398 5661 ιιι
1408 5605 1521 5662 decebat
1532 5601 1599 5660 illud
1611 5643 1618 5668 ,
1632 5599 1704 5674 qood
1727 5599 1823 5655 antima
1845 5612 1890 5654 ra·

249 5705 363 5762 uinculis
387 5706 595 5780 constringatur,
611 5707 638 5762 in
651 5719 760 5763 carcere
779 5713 907 5774 perpetuo
926 5704 1041 5767 habitet.
1096 5705 1187 5762 tinnuli
1210 5710 1238 5759 et
1264 5698 1405 5759 immortali
1429 5697 1640 5754 ministraturum
1664 5701 1730 5750 erat.
1746 5691 1801 5749 Gur
1819 5691 1890 5748 etnim

249 5797 367 5869 indignis
381 5798 491 5866 seruiat,
504 5814 605 5868 pauper
619 5799 669 5864 sit,
685 5798 712 5854 in
727 5795 844 5853 metallis
858 5794 979 5858 laboret.
996 5807 1042 5854 aut
1096 5795 1188 5854 bestiis
1204 5793 1327 5850 orunibus
1344 5803 1436 5846 versus
1450 5797 1548 5845 terram
1563 5785 1696 5844 demissos
1714 5782 1808 5840 oeulos
1822 5779 1891 5838 bens
