4142 6342
240 209 244 215 ,
640 215 654 246 s

146 279 309 337 'tos

246 381 436 469 dimittuntur,
450 410 479 459 et
497 403 597 462 innoxii
619 407 774 470 alliciuntur
787 418 927 490 supplicia.
944 422 1050 480 Etenim

242 475 368 561 'judices
378 492 462 549 selim
475 495 568 564 nolint,
582 498 609 555 in
619 501 711 560 multis
724 518 850 585 peccant3
864 513 996 585 siquidem
1010 515 1052 574 vel
1071 525 1079 540 ·

243 580 298 671 ‘jas
311 581 465 656 ignorantes
478 596 507 645 et
520 589 635 664 decepti,
650 596 692 652 vel
714 601 789 671 gnari
808 603 928 674 quidem,
943 606 991 664 sed
1004 624 1051 678 pe·

242 678 336 736 ¹cuuia
348 684 467 755 corntpti
478 699 573 742 rerum
586 688 718 746 calculum
729 694 915 768 prodiderunt.
931 699 1053 773 superne

241 774 345 829 'autem
366 787 446 832 secus
460 791 469 832 t
484 776 556 834 bens
576 781 648 837 enim
666 781 754 854 judex
767 786 866 858 justus,
881 803 909 847 et
924 792 1053 862 judicium

231 857 245 965 'k
254 864 316 936 eius
326 867 403 938 quasi
416 867 460 925 lux
474 871 636 944 egredietur,
649 890 702 931 uon
719 879 847 948 tenebris,
862 897 916 940 arou
929 884 1053 956 maturau-

253 956 294 1012 tia
308 957 522 1019 obscurantibus.
544 964 650 1022 Etenim
661 982 696 1025 ne
707 968 825 1040 diceret,
839 988 901 1031 eum
917 975 984 1032 inira
1003 978 1052 1036 da·

241 1051 377 1110 Tmuatam
397 1052 490 1126 luisse,
505 1057 538 1114 ad
552 1075 699 1131 sapcmum
715 1065 830 1123 tribunal
843 1068 918 1124 illum
932 1071 1049 1140 deduxit,

244 1138 464 1203 'commonelecit
477 1147 550 1207 iliius
562 1149 689 1211 horrendi
703 1156 861 1228 tribunalis;
884 1177 915 1219 ac
936 1164 959 1220 si
978 1164 1052 1222 dioc·

255 1244 320 1292 ret:
334 1237 376 1295 Eo
398 1243 521 1314 respice,
540 1260 591 1302 nec
609 1247 788 1308 damnationis
809 1254 941 1312 calculum
963 1258 1052 1326 lercs,

243 1326 343 1404 'neque
356 1333 426 1391 inira
442 1339 526 1396 stabis
542 1355 603 1397 cum
618 1346 753 1416 corruptis
762 1347 906 1420 iudicibus,
920 1352 967 1410 sed
979 1353 1053 1425 judi·

245 1417 328 1481 'cium
341 1443 457 1502 superne
469 1431 552 1490 latum
567 1437 730 1510 acceptabis.
744 1439 841 1500 Vidisti
854 1444 1052 1519 philosophiam

245 1510 389 1578 'tatronisl
398 1524 486 1582 uidisti
498 1529 677 1600 prudentiam,
687 1543 715 1590 et
726 1534 897 1594 doctrinam?
906 1539 1052 1599 Confestim

244 1607 271 1665 'a
282 1627 363 1670 cruce
372 1613 399 1670 in
410 1617 504 1694 caelum
515 1620 641 1678 avolarit.
653 1624 755 1683 Deinde
765 1629 954 1688 exabundanti
964 1633 1051 1707 ipsum

255 1705 398 1777 increpans
413 1727 420 1764 :
436 1707 498 1766 Nau
510 1713 591 1782 times,
606 1716 720 1786 dicebat,
733 1721 793 1791 auia
806 1721 833 1778 in
845 1723 934 1780 eadem
946 1726 1054 1783 dauma-

255 1797 324 1856 tione
335 1815 429 1860 sumus
443 1803 518 1877 (Lae.
531 1808 576 1864 25.
591 1809 648 1882 to).
662 1811 732 1880 Quid
753 1814 805 1871 sibi
819 1817 875 1874 vult
894 1816 972 1887 illud,
987 1820 1054 1889 Quia

255 1890 284 1946 ιιι
294 1881 383 1948 eadem
392 1894 555 1954 damnatione
564 1903 671 1958 sumite?
682 1904 712 1960 ln
726 1905 822 1964 eodem
836 1924 934 1981 nempe
948 1912 1050 1984 suppli-

255 1985 309 2040 cio.
323 1984 419 2044 Nonne
432 1993 551 2049 teretium
562 2008 592 2050 es
602 1995 629 2051 in
640 1998 738 2054 cruce?
751 1997 819 2056 lium
833 2016 897 2073 ergo
908 2001 946 2058 ilii
957 2004 1051 2060 conui-

256 2077 345 2144 cinris,
357 2080 470 2152 teipsum
482 2084 555 2156 prius
564 2088 679 2167 impetis.
693 2087 923 2156 Quemadmodum
935 2095 1007 2151 enim
1017 2095 1052 2165 is,

245 2171 301 2254 *qui
321 2170 348 2226 in
368 2176 484 2244 peccatis
504 2185 555 2244 est,
575 2179 599 2235 si
618 2181 732 2238 altemm
751 2184 918 2254 criminetur,
934 2188 1052 2259 seipsum

257 2262 332 2333 prius
344 2265 503 2324 criminatur
516 2288 523 2324 ε
538 2269 578 2326 ιιι
591 2281 619 2328 et
632 2272 671 2342 is,
686 2276 732 2345 qui
746 2275 773 2332 in
787 2277 940 2335 calamitate
953 2281 1054 2337 consti-

257 2363 340 2426 tutus,
357 2359 435 2417 alteri
453 2361 632 2420 calamitatem
654 2366 720 2422 vitio
739 2369 828 2438 uertit,
840 2370 958 2442 seipsum
978 2374 1053 2445 prius

258 2448 377 2508 damnat.
400 2453 467 2522 Quia
480 2457 507 2512 in
519 2458 607 2514 eadem
621 2460 785 2517 damnatione
797 2479 894 2521 sumus.
917 2465 1053 2536 Apostoli·

247 2557 317 2620 ‘cam
334 2545 399 2618 legit
416 2546 468 2618 ipsi
487 2548 584 2622 legem,
599 2550 657 2608 baec
670 2555 771 2612 scilieet
782 2557 935 2629 evangelicu
947 2561 1052 2626 rerba:

256 2634 347 2696 Nolite
352 2639 480 2710 judicare,
494 2652 522 2698 ιιι
536 2660 588 2700 nou
596 2645 747 2716 judicemini
760 2647 866 2720 (datm.
879 2651 906 2706 t.
921 2651 962 2723 1).
986 2651 1053 2722 Quia

245 2730 285 2807 ,iu
297 2733 386 2788 euderu
397 2732 560 2795 damnatione
570 2753 667 2794 mutue.
682 2739 752 2809 Quid
763 2741 838 2809 lacis,
852 2757 871 2800 o
884 2743 972 2800 iamai
987 2745 1052 2802 dum

129 2847 132 2852 ·
256 2839 318 2882 eum
328 2824 460 2895 actenus,
471 2827 582 2887 latronis
590 2831 733 2889 nesocium
744 2832 1051 2908 mucistrtequamum,

254 2917 364 2975 ahter
380 2920 556 2992 sequentibus
577 2922 647 2980 banc
667 2927 849 2997 suspicionem
869 2942 992 2986 amorem
1012 2930 1052 2988 Ne

255 3016 335 3081 putes
352 3011 426 3079 euim
443 3027 504 3068 eum
518 3029 553 3070 er
565 3017 754 3074 communione
765 3020 888 3091 supplicii
899 3032 1051 3082 consortem

255 3101 334 3158 illum
354 3105 458 3175 peccati
479 3105 587 3176 iecisse,
600 3109 641 3165 sic
658 3109 734 3180 prius
754 3110 856 3170 dictum
869 3116 979 3189 corrigit
995 3135 1002 3172 :
1018 3117 1053 3175 Et

255 3212 304 3253 nos
315 3196 417 3268 attidem
425 3199 499 3271 juste
512 3217 522 3255 .·
534 3217 594 3256 aum
605 3203 684 3276 dipua
696 3206 771 3277 saetis
783 3207 896 3277 potitum
915 3207 991 3284 (Luc.
1005 3211 1051 3268 25.

256 3291 315 3361 11).
327 3290 412 3366 ‘Vides
431 3293 628 3353 contessionem
649 3297 811 3368 perlectam?
823 3301 897 3360 rides
918 3305 1053 3375 quomodo

254 3384 284 3442 iu
298 3399 378 3442 cruce
392 3397 501 3456 peccata
515 3389 605 3446 exuiti
623 3389 692 3454 Nan
704 3393 820 3465 legitur:
835 3395 885 3453 Dic
905 3406 933 3453 ιιι
949 3410 1053 3471 peccata

255 3486 301 3532 ιιιιι
312 3480 418 3550 primur,
432 3488 460 3536 ιιι
467 3481 618 3552 justificeris
630 3483 642 3558 (
649 3483 713 3541 isui.
729 3487 775 3544 15.
785 3487 821 3545 26
832 3488 854 3561 ).
869 3489 954 3547 Nemo
965 3490 1053 3564 coegit

233 3617 238 3626 .
255 3567 345 3636 illum,
355 3585 437 3628 nemo
446 3572 502 3630 vim
515 3574 566 3644 ipsi
579 3573 653 3642 lecit,
667 3578 716 3635 sed
731 3579 790 3650 ipse
800 3582 975 3653 semetipsum
989 3597 1053 3654 pro-

256 3661 318 3718 tulit
330 3662 423 3720 dicens
436 3663 489 3720 :Et
501 3669 659 3739 noeauidem
667 3671 748 3741 juste,
761 3689 822 3728 num
831 3675 1053 3748 stamineorum

256 3755 350 3821 timur,·
364 3757 407 3812 hic
418 3773 476 3812 uero
489 3759 555 3816 stibii
567 3761 630 3816 ntuli
638 3763 698 3834 {ecit
708 3763 783 3834 (bete.
799 3765 845 3822 23.
861 3767 905 3824 11.
921 3767 988 3839 iil:
1003 3770 1052 3826 ad·

254 3849 347 3921 ditque
369 3860 462 3920 postea
478 3871 485 3908 :
503 3851 630 3911 llerncnto
641 3858 692 3912 mei
701 3899 709 3925 ,
731 3856 854 3928 bomine,
867 3860 895 3915 iu
908 3878 985 3933 reone
998 3872 1051 3920 teo.

254 3941 313 3999 lion
329 3942 549 4015 priasaususest
558 3948 660 4018 dicere,
674 3949 802 4008 ttenuto
813 3953 862 4012 mei
871 3955 985 4027 iuream
995 3967 1049 4026 tuo,

254 4049 336 4104 auam
358 4050 407 4107 per
425 4037 622 4098 contessionem
636 4052 809 4112 peecatorum
823 4046 956 4104 sarcinam
968 4047 1051 4120 depo·

254 4123 364 4182 suisset.

246 4204 253 4269 ἶ
291 4217 616 4293 Confusiopuamureseit.
625 4255 661 4268 -
669 4226 763 4285 Viden'
774 4238 873 4302 quanta
886 4247 930 4288 res
941 4234 977 4289 sit
985 4248 1051 4290 con·

254 4312 355 4370 lessio?
366 4314 571 4385 Confessusest,
580 4328 610 4376 et
618 4322 770 4392 paradisum
781 4325 903 4394 aperuit:
914 4323 1052 4383 mutasses

255 4411 309 4471 est,
320 4412 348 4461 et
357 4412 457 4464 tautam
466 4411 570 4480 accepit
578 4410 712 4480 idacium,
725 4424 754 4471 ut
763 4429 780 4471 a
790 4415 929 4474 latrocinio
938 4433 1050 4488 reanum

161 4490 167 4503 '
254 4502 368 4566 peteret.
383 4495 476 4556 Viden·
488 4509 648 4571 aneatorum
659 4503 738 4561 nobis
748 4505 880 4562 bonorum
890 4521 955 4564 cmx
969 4521 1051 4565 causa

253 4587 352 4643 lucriti
366 4587 487 4660 Regnum
501 4592 590 4663 petis?
609 4593 678 4664 Quid
698 4594 773 4652 rides
792 4596 963 4666 huiusmodi?
975 4597 1050 4655 Clusi

254 4688 355 4736 etcum
367 4681 393 4737 ιιι
404 4694 548 4756 conspectu
558 4697 634 4752 sunt;
646 4701 738 4742 terum
752 4700 783 4742 ea
793 4686 852 4757 ipsa
864 4689 1050 4761 erum-iuquit,

253 4782 296 4829 est
315 4775 467 4846 symbolum
490 4779 575 4850 regni.
596 4778 660 4836 idco
677 4779 765 4851 ipsum
783 4795 874 4852 repete
892 4796 968 4849 roco,
989 4785 1051 4856 quia

253 4867 333 4924 rideo
344 4871 501 4928 crucillxum
516 4891 524 4930 ι
536 4873 607 4943 regis
628 4873 700 4930 enim
719 4883 762 4929 est
778 4889 829 4944 pro
845 4875 958 4934 subditis
970 4878 1050 4935 mori.

252 4961 303 5020 iiic
324 4963 384 5034 ipse
405 4963 473 5020 dixit
485 4981 493 5018 ι
505 4963 595 5020 Bonus
608 4977 694 5034 passm
704 4966 818 5022 anianum
832 4983 906 5024 suum
920 4970 990 5042 penit
1003 4987 1050 5042 pro

253 5058 340 5114 autes
352 5056 455 5131 (least.-
465 5058 509 5113 to.
524 5059 554 5114 ll
568 5057 578 5128 )
593 5073 675 5128 :erpo
699 5068 728 5115 et
750 5060 837 5118 bonus
860 5077 908 5118 rex
933 5064 1049 5120 animam

252 5162 331 5205 suam
354 5151 429 5219 ponit
453 5165 502 5220 pro
522 5149 647 5208 subditis.
670 5151 802 5222 Quoniam
826 5153 908 5225 igitur
931 5156 1049 5214 animam

251 5257 330 5300 suam
350 5245 448 5312 posuit,
463 5243 525 5299 idco
546 5259 637 5316 regem
660 5246 736 5303 iilum
748 5261 827 5306 voco.
848 5247 976 5306 ileumte
989 5251 1049 5318 me,

252 5335 378 5403 Dominus
390 5337 419 5392 ιιι
430 5353 508 5408 reque
518 5347 573 5394 tuo.

238 5417 243 5462 '-
290 5429 319 5484 1.
337 5427 429 5488 Viden·
444 5431 579 5501 utromodo
592 5447 659 5490 crux
671 5433 707 5490 sit
718 5434 793 5505 mgni
807 5433 977 5507 symbolum?
991 5433 1050 5489 Vis·

237 5592 239 5601 .
253 5538 290 5579 ne
299 5521 445 5580 etaliueds
455 5523 521 5582 iilud
531 5524 654 5584 disceret
666 5527 726 5584 lion
736 5527 843 5598 reliquit
854 5543 916 5584 eum
926 5527 953 5584 in
964 5535 1047 5596 terra,

236 5604 304 5670 'sed
324 5614 434 5672 attraxit
445 5631 508 5674 eum
521 5626 549 5674 et
564 5618 592 5674 ιιι
605 5619 701 5675 caium
713 5618 831 5676 deduxit.
848 5617 924 5675 Unde
937 5619 990 5676 hoc
1003 5635 1051 5690 pa·

256 5707 311 5762 lum
321 5707 379 5764 esti
391 5707 459 5777 Quia
468 5717 596 5766 venturus
605 5720 647 5766 est
656 5726 716 5768 cum
730 5711 777 5768 illo
788 5711 815 5766 in
827 5711 944 5768 mundo
954 5712 1049 5784 etglo·

246 5800 330 5860 nouo
341 5797 400 5871 eius
412 5799 546 5872 atreum,
559 5811 589 5860 ut
599 5801 688 5862 discos
699 5818 806 5862 crucem
819 5817 880 5862 esse
892 5819 948 5862 rem
963 5804 1049 5862 bono·

509 335 514 342 .
615 292 805 357 attollitis
824 301 1060 366 cuutsosrottt
1077 309 1523 394 aucutue.·eottsrtrtttrtor.

1843 325 1897 383 ibi

1108 426 1237 496 rabilem;
1251 415 1372 502 thare'et
1381 430 1492 502 glorium
1507 431 1577 490 illam
1587 435 1704 492 roratis.
1717 435 1752 495 ht
1761 437 1898 500 ιιιιιιιιιιιι

1106 521 1241 592 quomodo
1254 536 1315 579 cum
1328 538 1407 582 cruce
1423 526 1533 594 ueniat:
1549 541 1660 586 necesse
1679 531 1778 604 quippe
1796 543 1838 590 est
1850 535 1898 592 de·

1108 613 1327 672 monstrationem
1342 616 1367 672 ιιι
1381 617 1498 676 medium
1511 619 1648 678 reducere.
1671 621 1703 680 Si
1721 623 1843 692 emmanu·
1858 627 1899 684 itr-

1106 705 1173 778 tpttit,
1186 722 1242 763 ecee
1257 708 1283 762 iu
1303 709 1471 780 penetralibus
1489 721 1526 768 cut
1547 713 1678 784 Christus,
1693 731 1750 772 eece
1761 719 1789 776 in
1801 719 1899 776 demto
1992 731 1998 739 ‘

1106 808 1161 864 est;
1180 817 1212 858 ne
1231 802 1330 860 abeatis
1344 802 1396 874 (tt.
1418 822 1442 861 u.
1463 804 1520 878 ιι)
1535 806 1570 864 de
1589 807 1707 866 secundo
1732 820 1760 866 et
1780 810 1898 883 glorioso

1106 905 1156 949 suo
1168 892 1283 951 adventu
1295 894 1334 952 sic
1346 895 1457 969 laquens
1472 907 1581 970 propter
1592 897 1675 958 lalsos
1686 899 1825 970 Christos.
1837 919 1899 974 pru-

1107 995 1166 1057 pter
1178 984 1258 1044 lalsos
1273 987 1431 1060 propbetas,
1449 1000 1559 1062 propter
1570 991 1778 1060 antichristum,
1792 1009 1828 1052 ne
1837 996 1906 1067 usis

1105 1078 1233 1138 seductus
1254 1081 1281 1136 iu
1303 1080 1379 1138 illum
1401 1082 1539 1140 incideret.
1552 1083 1620 1153 Quia
1635 1084 1707 1142 enim
1720 1080 1900 1144 Antichristus

1106 1171 1900 1249 uenturusestatatecbristum,aequispostorempuerens

1106 1263 1133 1319 ιιι
1146 1264 1237 1336 ιιιριιιιι
1249 1265 1359 1336 incidat,
1370 1265 1470 1324 idcireo
1480 1266 1609 1326 iudicium
1621 1267 1669 1324 tibi
1683 1268 1718 1325 do
1727 1269 1899 1340 pastorisad·
1937 1346 1940 1351 ι

1106 1365 1212 1414 verutus.
1226 1357 1292 1414 Nam
1306 1359 1366 1430 quia
1381 1359 1455 1430 prior
1466 1359 1524 1430 eius
1537 1359 1766 1428 adveutuslatuit,
1778 1375 1813 1418 ue
1822 1369 1900 1432 putes

1106 1455 1252 1513 secundum
1266 1455 1410 1513 adventum
1424 1456 1502 1514 talem
1517 1455 1635 1514 laturum
1649 1471 1721 1525 esse,
1737 1455 1790 1518 hoe
1801 1454 1849 1514 tibi
1861 1457 1899 1514 si·

1106 1564 1187 1620 guum
1200 1547 1283 1608 dedit.
1297 1547 1361 1606 iure
1373 1559 1461 1606 autem
1474 1549 1736 1608 illeadtentuselam
1750 1547 1801 1606 luit
1811 1549 1900 1607 creuit

1106 1641 1177 1696 enim
1192 1640 1333 1711 quesitum
1348 1640 1419 1712 quod
1432 1641 1565 1714 perierat;
1589 1649 1617 1698 at
1635 1641 1681 1700 bie
1698 1639 1833 1700 mcuudus
1845 1655 1899 1696 non

1106 1732 1154 1802 itu,
1176 1731 1224 1790 sed
1242 1732 1394 1806 quomodo,
1408 1735 1520 1806 quaeso?
1535 1733 1609 1792 Sicut
1627 1735 1694 1790 euim
1709 1731 1856 1807 {ulpereut
1868 1733 1900 1788 ab

1108 1823 1221 1890 Oriettte,
1233 1835 1256 1879 et
1268 1835 1374 1897 apparet
1384 1842 1462 1898 usque
1475 1827 1510 1881 ud
1524 1825 1694 1892 Occidentem,
1708 1826 1745 1882 ιιι
1758 1825 1806 1882 erit
1817 1833 1841 1882 et
1853 1825 1902 1882 od·

1105 1926 1192 1973 uentus
1215 1915 1279 1974 Filii
1303 1919 1411 1975 hominis
1435 1917 1516 1989 (leta.
1533 1935 1557 1974 ιι.
1571 1917 1634 1992 et).
1647 1917 1793 1976 Gonlestim
1813 1919 1900 1975 omni·

1105 2010 1155 2069 hus
1167 2013 1313 2084 apparebit,
1330 2014 1483 2084 neminique
1497 2015 1661 2084 interrogata
1673 2027 1741 2084 opus
1750 2012 1818 2082 erit,
1834 2025 1898 2070 atrax

1107 2106 1168 2175 hic,
1184 2123 1247 2163 nunt
1262 2107 1316 2164 illic
1328 2107 1364 2164 sit
1375 2106 1508 2164 Christus.
1523 2106 1753 2178 Quemadmodum
1766 2107 1838 2166 enim
1850 2121 1899 2178 ap·

1106 2208 1217 2271 parente
1229 2201 1339 2272 fulgure,
1354 2217 1408 2259 uon
1423 2216 1492 2275 opus
1504 2210 1546 2258 est
1558 2203 1712 2274 perquirere
1724 2217 1758 2258 en
1768 2215 1899 2272 apparue-

1105 2292 1157 2359 rit;
1181 2293 1221 2349 sic
1241 2301 1268 2349 ct
1284 2293 1311 2350 in
1325 2291 1440 2350 adventu
1451 2292 1550 2350 Christi
1565 2307 1618 2351 nou
1629 2307 1698 2365 opus
1709 2293 1762 2351 erit
1778 2306 1899 2365 quaere

1106 2398 1141 2439 an
1152 2383 1275 2442 Citristas
1290 2385 1437 2442 advenerit.
1452 2387 1487 2443 dt
1501 2387 1572 2458 quud
1585 2386 1714 2458 quaeritur
1725 2393 1777 2451 est,
1790 2401 1824 2458 an
1836 2401 1898 2442 cum

1106 2490 1185 2533 errice
1197 2485 1326 2534 ceraunus
1344 2477 1380 2534 sit
1395 2493 1401 2532 :
1416 2477 1556 2534 nonenim
1572 2478 1696 2549 promissi
1706 2477 1782 2534 obliti
1795 2491 1898 2534 sumus

1105 2567 1175 2625 dudi
1197 2568 1277 2640 igitur
1295 2584 1337 2637 ea,
1352 2584 1412 2641 que
1436 2559 1593 2642 sequautur.
1608 2569 1690 2634 Tune,
1703 2570 1805 2640 inquit:
1824 2577 1898 2634 tuuc,

1105 2662 1292 2736 qtmndonami
1305 2663 1474 2720 cumvenerit
1489 2661 1571 2720 Filius
1580 2663 1698 2731 hominis,
1707 2663 1745 2719 soi
1755 2661 1899 2718 obscurabi·

1106 2766 1211 2827 tur,et
1238 2757 1299 2813 luna
1331 2772 1381 2814 nou
1407 2757 1476 2812 debit
1504 2757 1584 2812 lucem
1610 2772 1682 2813 esum
1708 2753 1775 2828 (ii.
1790 2772 1816 2811 u.
1831 2753 1899 2827 29).

1106 2847 1191 2904 Tanta
1210 2849 1281 2905 enim
1301 2857 1364 2904 tuuc
1386 2849 1438 2906 erit
1459 2847 1524 2904 lucis
1545 2848 1632 2918 copia,
1654 2855 1685 2904 ut
1705 2844 1900 2918 splendidiores

1104 2941 1190 2998 stellae
1200 2939 1374 2998 obscurandae
1384 2940 1448 2996 sint.
1462 2938 1792 3005 Tuucucitaecedeut,tauc
1798 2938 1898 3010 sipnsnt

1106 3029 1170 3088 Filii
1181 3031 1289 3086 hominis
1301 3030 1432 3102 apparebit
1450 3032 1477 3086 iu
1488 3032 1560 3087 eolo.
1576 3029 1669 3088 Viden*
1683 3039 1782 3102 quanta
1795 3030 1829 3088 sit
1840 3030 1896 3086 rir-

1106 3135 1148 3182 tus
1161 3125 1230 3196 signi
1240 3124 1346 3181 crucis?
1361 3123 1407 3180 Sol
1421 3123 1617 3190 obscurabitur,
1631 3133 1659 3180 et
1672 3123 1734 3180 iana
1749 3137 1802 3180 noa
1813 3138 1898 3194 appa·

1104 3216 1196 3274 tebit:
1212 3214 1276 3273 iliud
1290 3231 1353 3272 tero
1376 3216 1459 3287 turget
1482 3224 1510 3270 et
1530 3223 1655 3288 apparot,
1677 3224 1706 3273 ιιι
1723 3215 1811 3272 discas
1834 3215 1898 3272 illud

1105 3321 1164 3366 esse
1177 3307 1341 3379 splendidius
1350 3307 1408 3364 soie
1417 3317 1444 3367 et
1455 3308 1528 3366 luna.
1540 3309 1579 3364 dc
1588 3307 1822 3380 quenadmodum,
1835 3322 1899 3378 rege

1106 3402 1132 3458 in
1147 3402 1241 3460 urbem
1252 3401 1377 3470 intrante,
1392 3402 1489 3459 milites
1510 3401 1621 3472 accepta
1641 3402 1726 3473 sigua,
1748 3411 1774 3457 ut
1790 3411 1896 3465 vocant,

1104 3502 1210 3568 gestant
1221 3494 1360 3561 humeris,
1377 3495 1435 3565 cius
1447 3495 1597 3566 inpressum
1616 3494 1825 3564 praenuntiantes
1839 3511 1846 3548 :
1859 3493 1898 3549 sic

1105 3595 1133 3643 et
1146 3585 1259 3644 homino
1271 3585 1451 3658 descendente
1470 3585 1504 3642 de
1522 3585 1606 3654 culis,
1619 3585 1752 3657 pruthuut
1764 3585 1897 3642 exereitus

1105 3678 1260 3750 angelorum
1280 3687 1308 3736 et
1328 3678 1561 3750 archangelorum,
1576 3679 1683 3760 signum.
1694 3676 1845 3750 hujusmodi
1858 3677 1898 3733 ie·

1104 3781 1194 3828 rentes
1209 3771 1337 3837 inueneris,
1349 3780 1376 3828 et
1387 3773 1489 3843 regium
1503 3771 1561 3840 ejus
1574 3771 1722 3843 ingressum
1738 3769 1815 3829 nohis
1829 3783 1898 3840 pree-

1104 3861 1265 3920 mrntiantes.
1294 3859 1366 3916 Tune
1391 3861 1609 3916 commonebuntur
1643 3858 1751 3916 Virtutes
1778 3859 1897 3916 calorum

1104 3954 1210 4029 (ibid.),
1226 3955 1260 4012 de
1273 3954 1374 4026 angelis
1386 3954 1522 4026 loquitur:
1535 3962 1635 4010 tremor
1644 3952 1825 4025 apprehendet
1837 3965 1895 4020 eos,

1105 4056 1132 4104 et
1148 4047 1226 4104 timor
1239 4061 1360 4117 mannus.
1371 4045 1588 4117 Eteunquaesoi
1600 4043 1778 4101 Tremcndum
1788 4047 1840 4100 erit
1849 4043 1897 4099 tri·

1098 4141 1185 4202 ,bunal
1198 4139 1261 4196 illud
1274 4157 1281 4194 ι
1294 4139 1418 4196 uuivema
1427 4139 1625 4211 quippeuatura
1634 4136 1897 4209 uostrajudicaride·

1105 4235 1160 4304 bet,
1168 4244 1195 4292 et
1202 4239 1308 4292 adstare
1319 4241 1382 4290 ante
1393 4231 1586 4289 lormidabilem
1595 4228 1898 4302 illumiudicemQuere

1103 4341 1168 4398 ergo
1180 4326 1268 4397 angeli
1279 4325 1375 4382 timent
1392 4333 1420 4380 et
1438 4324 1654 4392 extrorresetuxti
1675 4321 1844 4393 trequeenim
1860 4320 1898 4378 ilii

1103 4419 1238 4492 judicandi
1259 4425 1331 4474 stunt.
1352 4415 1582 4487 Quemadmodum
1601 4415 1737 4486 judicante
1760 4413 1896 4484 principe,

1104 4527 1158 4568 non
1172 4511 1211 4568 rei
1227 4519 1328 4566 muttum
1341 4549 1350 4575 ,
1365 4507 1411 4564 sed
1424 4507 1562 4590 etiatnplii
1575 4522 1608 4564 ex
1624 4507 1726 4570 militia,
1740 4505 1787 4578 qai
1799 4505 1897 4562 nultius

1105 4603 1155 4660 sibi
1170 4601 1289 4658 criminis
1306 4599 1405 4657 conscii
1426 4607 1507 4667 sunt,
1523 4599 1618 4656 timent
1628 4606 1655 4654 et
1667 4596 1777 4652 horrent
1790 4595 1825 4654 oh
1838 4611 1897 4654 me·

1105 4705 1160 4750 tum
1181 4693 1282 4750 iudicis
1297 4693 1357 4748 :ita
1372 4700 1400 4748 et
1412 4700 1474 4747 tunc
1486 4705 1547 4747 cum
1560 4689 1594 4747 de
1607 4698 1702 4746 natura
1716 4696 1806 4746 nostra
1822 4687 1897 4756 iudi-

1103 4787 1215 4853 cabitur,
1230 4783 1329 4843 nuiiius
1343 4784 1406 4841 ntuli
1420 4783 1471 4840 sibi
1483 4781 1584 4839 conscii
1596 4779 1684 4853 angeli
1696 4780 1844 4844 timebunt,
1862 4795 1898 4836 oo

1103 4878 1262 4935 immensam
1284 4876 1384 4933 iudicis
1409 4873 1587 4930 lornuidinem.
1610 4870 1709 4928 Verum
1730 4885 1814 4941 qrxare
1834 4879 1898 4926 tuuc

1103 4988 1169 5030 crus
1179 4971 1327 5043 apparebit,
1338 4977 1367 5025 et
1377 4983 1425 5032 cur
1435 4982 1496 5025 cum
1506 4966 1552 5024 illa
1560 4973 1687 5022 uenturus
1696 4965 1753 5022 esti
1767 4963 1800 5022 uu
1812 4963 1840 5032 ii,
1851 4965 1897 5034 aui

1104 5066 1178 5124 ilium
1190 5061 1388 5126 crucifixerunt,
1401 5060 1496 5132 ingrati
1510 5057 1593 5116 animi
1605 5057 1648 5116 sui
1659 5057 1805 5128 nequitiam
1815 5069 1898 5128 ugue-

1104 5165 1196 5214 seant:
1212 5155 1272 5212 ideo
1283 5154 1388 5211 illoram
1401 5150 1571 5222 impudentia
1591 5148 1742 5222 symbolum
1763 5147 1895 5204 ostendet.

1104 5249 1181 5320 Quod
1194 5255 1283 5306 eutem
1298 5245 1358 5304 ideo
1372 5245 1443 5301 illam
1456 5243 1585 5300 allaturus
1598 5241 1647 5308 sit,
1662 5238 1724 5296 audi
1738 5237 1895 5310 prophetam

1104 5343 1285 5400 declarantem
1314 5355 1320 5394 :
1346 5335 1419 5394 Tunc
1443 5334 1563 5409 pionpant
1588 5331 1667 5388 tn’btu
1690 5340 1764 5388 terrm
1791 5329 1846 5402 (lb.
1872 5345 1896 5384 u.

1104 5435 1160 5508 50).
1175 5435 1295 5492 videntes
1307 5441 1500 5496 accusatorem,
1512 5435 1541 5484 et
1554 5436 1692 5498 peceatum
1707 5432 1894 5496 agnoscentes.

1104 5528 1197 5585 Etcur
1210 5524 1317 5584 miraris
1338 5523 1361 5578 si
1383 5537 1489 5580 crucem
1510 5528 1618 5591 restans
1640 5511 1736 5584 veniet,
1748 5513 1855 5588 quaudo
1868 5524 1897 5570 et

1104 5621 1161 5692 ipsa
1182 5617 1290 5674 uulnera
1313 5625 1375 5672 tunc
1397 5611 1536 5670 ostendet?
1558 5609 1706 5676 Namait:
1728 5605 1852 5663 Videbunt
1865 5607 1897 5698 iu

1103 5729 1176 5785 ouem
1197 5709 1375 5778 tratttrfiuctuut
1401 5704 1500 5778 (Zactt.
1516 5702 1559 5760 te.
1577 5703 1642 5773 10).
1667 5687 1896 5770 Quemadmodum

1105 5805 1176 5860 enim
1191 5816 1253 5873 erga
1266 5798 1396 5858 Thumum
1408 5796 1479 5866 iecit,
1493 5810 1565 5865 ctum,
1580 5806 1607 5849 ut
1620 5791 1742 5866 discipuli
1752 5789 1894 5864 increduli·
