4142 6342
145 303 150 313 ,
241 261 278 330 tss
624 255 654 314 s
673 252 813 313 romuts
830 250 1070 314 eunusosrour
1086 252 1249 316 mcumr.
1269 253 1538 318 oousrsnrmor.
1858 269 1896 330 su
2018 225 2019 254 ³

241 373 379 445 cirriludo,
403 373 455 434 llos
479 371 591 432 minime
615 369 765 437 diuturnus,
780 369 827 440 qui
843 369 991 440 pauxillum
1006 370 1035 426 in
1094 385 1170 428 mere
1192 385 1401 443 praeoccupans,
1426 355 1623 447 multiloquium
1645 381 1737 446 rotat,
1759 375 1893 450 docetque

242 466 471 542 iuuentutisrsre
488 461 640 532 berctred
666 462 741 519 brevi
766 461 895 534 temporis
922 461 1037 520 decursu
1094 461 1159 536 quid
1172 461 1208 519 sit
1229 461 1256 518 in
1277 463 1399 520 oratione
1419 461 1562 521 dicendum
1580 484 1586 521 :
1602 480 1634 522 ac
1646 469 1739 538 paucis
1750 470 1841 528 verbis
1855 471 1890 528 ad

242 561 432 634 corrumpitur.
446 557 475 617 st
487 558 547 630 quis
559 571 624 617 uero
638 555 814 613 substantiam
825 555 883 628 ejus
897 555 1039 627 explorare
1091 569 1200 614 omnem
1226 554 1490 614 uirtutem'instituit
1508 574 1515 613 :
1537 558 1582 615 illa
1602 559 1701 634 quippe
1727 563 1810 620 uerba
1834 582 1890 623 non

241 655 318 721 uelit,
331 663 396 711 tunc
410 650 487 710 illum
501 650 586 724 magis
600 650 734 722 despuere
751 649 863 723 poterit.
876 646 950 705 tttntt
964 647 1038 705 enim
1091 646 1173 704 modo
1200 646 1323 705 doctrina
1349 647 1384 706 ad
1408 649 1573 721 precandum
1593 659 1667 722 sunt,
1682 655 1731 712 sed
1752 656 1833 714 etiam
1855 659 1890 716 ad

240 745 315 804 aliud
337 755 390 814 est,
400 759 481 816 quam
501 742 609 816 pituita,
629 741 739 815 sanguis
757 749 785 799 et
810 740 919 811 humor,
932 741 1039 813 cibique
1090 741 1237 814 perlectam
1250 741 1332 798 vitam
1343 739 1486 799 institutio.

239 838 327 896 mansi
337 835 520 911 eligiusliins
532 835 605 892 enim
618 831 700 902 oculi,
712 848 803 908 gente,
815 837 905 902 nares,
915 831 1038 904 superci-
1127 835 1154 892 3.
1170 833 1260 892 Oratio
1277 833 1406 891 donrinicu
1416 835 1521 908 ejusque
1533 837 1691 910 erpisnrtio.
1705 870 1742 882 -
1759 839 1890 912 Quonam

238 930 286 999 lia,
301 928 384 998 labia,
399 936 540 1000 totumque
552 941 653 1000 eorpus
664 926 791 1000 irrigatur
805 941 813 982 s
826 939 887 999 que
898 924 921 982 si
933 923 1039 982 desinat
1090 936 1179 985 suern
1193 927 1236 984 illa
1252 927 1317 997 sint,
1333 937 1361 986 et
1375 927 1435 1001 quis
1449 943 1545 986 eorum
1560 945 1668 1002 sensus,
1681 931 1888 1007 diligentissime

238 1020 370 1094 irrigatio,
387 1020 431 1076 illa
453 1018 550 1078 immae
567 1027 694 1076 venustas
717 1032 828 1091 prorsus
849 1017 963 1076 desinet.
978 1017 1038 1075 lion
1090 1021 1275 1092 exquiramus,
1289 1035 1375 1093 euque
1388 1029 1525 1094 tamquam
1538 1022 1644 1082 diriuas
1657 1025 1731 1098 leges
1741 1042 1797 1085 non
1808 1027 1889 1086 dubi·

238 1115 413 1188 pecuniarum
435 1114 587 1180 leeultstes.
599 1129 660 1186 qum
681 1127 810 1186 equarum
833 1113 919 1169 instar
941 1111 1038 1168 liaris·
1091 1117 1179 1168 tanter
1203 1111 1381 1169 observemus
1400 1130 1407 1168 :
1426 1112 1507 1172 Peter
1528 1127 1623 1186 noste,
1652 1119 1696 1190 qui
1720 1103 1756 1176 ιε’
1771 1120 1799 1178 in
1819 1123 1889 1180 eretis

238 1209 305 1268 lium
325 1208 442 1266 inuuunt
455 1217 483 1266 et
493 1207 630 1276 defluunt,
645 1218 674 1266 et
681 1221 754 1264 nunc
768 1207 802 1264 ad
814 1207 905 1277 illum,
918 1221 992 1263 nunc
1003 1205 1041 1264 ad
1091 1202 1199 1276 (lietth.
1215 1203 1241 1261 d.
1257 1204 1284 1261 9.
1300 1205 1379 1280 sqq).
1397 1203 1561 1278 0quantem
1581 1223 1645 1281 erge
1668 1209 1793 1270 homiues
1810 1211 1889 1276 beni·

237 1302 321 1360 alium
335 1303 504 1361 tramittunt:
515 1317 576 1376 quae
595 1315 779 1374 possessorem
799 1297 915 1372 lugiunt,
925 1308 954 1358 et
966 1298 1038 1372 apud
1089 1298 1236 1371 quitatem!
1252 1307 1407 1372 oquantam
1417 1299 1556 1372 diguitatis
1566 1303 1769 1364 excellentiaml
1784 1307 1884 1381 Ecquis

239 1395 540 1470 rediligentesmsnere
552 1391 959 1452 recusautrinsidiatoresrero
968 1389 1039 1447 mul·
1090 1405 1187 1454 sermo,
1200 1390 1252 1448 erit
1273 1390 1306 1447 ud
1330 1393 1430 1464 gratias
1453 1399 1589 1450 tantorum
1615 1393 1748 1454 bonorum
1769 1397 1888 1474 largitori

238 1496 283 1547 tos
296 1488 407 1555 babent,
422 1488 519 1555 tineas,
533 1485 616 1555 tures,
628 1483 817 1558 sycophantas,
833 1484 1039 1552 incendiaqnau·
1089 1482 1209 1554 sgcndas
1228 1482 1315 1539 satist
1329 1483 1487 1558 Perpende,
1503 1484 1618 1556 dilecte,
1632 1496 1686 1546 tuae
1703 1505 1824 1564 memque
1841 1509 1890 1552 ua-

237 1581 335 1656 hagie,
348 1582 479 1640 bellorum
492 1580 627 1647 incursus,
641 1579 801 1651 populorum
817 1578 971 1646 seditiones,
987 1577 1040 1635 do·
1091 1584 1157 1634 turae
1168 1576 1297 1650 uilitatem
1312 1593 1319 1632 :
1335 1585 1456 1636 scrutare
1473 1581 1681 1652 cognationem,
1695 1592 1813 1654 terram,
1827 1588 1886 1659 put·

237 1675 411 1730 mesticorum
430 1671 583 1745 nequitias,
597 1670 841 1742 chirographorum
864 1670 1045 1738 emissiones,
1090 1684 1199 1735 rerem,
1212 1667 1317 1736 lutum,
1338 1670 1471 1739 laterem,
1489 1672 1659 1732 cinerem:c
1680 1683 1751 1734 terra
1772 1692 1888 1750 nemque

236 1765 280 1823 rel
302 1762 472 1831 additiones,
488 1763 691 1820 imminutiones
706 1778 715 1819 a
728 1763 834 1835 aliaque
856 1763 959 1832 resulta,
975 1779 1038 1837 quae
1089 1759 1181 1829 eiiicti,
1197 1759 1224 1816 in
1240 1769 1340 1818 terram
1361 1760 1470 1820 demum
1485 1763 1655 1822 resolvimur.
1669 1766 1717 1824 ilis
1736 1771 1887 1842 perpensis,

236 1858 411 1932 pecuniarum
436 1864 558 1914 amantes
577 1855 707 1914 invadunt
726 1854 901 1913 detrimenta.
913 1853 973 1914 non
984 1839 1037 1912 ‘di-
1089 1855 1277 1913 inscrutabiles
1284 1855 1383 1912 diriore
1390 1871 1454 1930 erga
1465 1873 1514 1914 nos
1526 1857 1697 1931 benignitatis
1707 1861 1814 1920 diuitias
1824 1879 1886 1924 cum

236 1954 366 2028 gnitatum
380 1931 535 2023 potentiam,
551 1966 612 2023 quae
625 1949 723 2022 etipsa
735 1950 819 2006 muita
843 1950 914 2021 parit
927 1951 1034 2008 ineom·
1088 1956 1199 2018 stupore
1210 1946 1351 2004 considera
1367 1965 1374 2003 ι
1390 1947 1462 2019 quod
1477 1947 1584 2006 Patrem
1595 1949 1671 2007 illurn
1686 1966 1784 2010 uocare
1794 1951 1886 2026 jussus

235 2045 332 2112 mods,
357 2043 566 2101 sollicitudinum
590 2042 691 2110 tabern,
715 2041 849 2099 insomnis
871 2043 1034 2115 irequentis,
1087 2041 1136 2109 sis,
1154 2050 1278 2098 terrenus
1300 2040 1454 2110 celestem,
1469 2041 1592 2100 mortalis
1616 2042 1807 2114 immortalem,
1827 2062 1885 2104 cor·

234 2138 387 2195 invidorum
403 2135 524 2205 iusidias,
541 2135 710 2192 inimicorum
729 2134 956 2204 machinamenta,
970 2135 1037 2192 snb-
1087 2131 1221 2206 ruptibiiis
1243 2131 1495 2205 incorruptibilem,
1524 2145 1715 2206 temporaneus
1742 2145 1884 2208 eternum,

235 2231 325 2290 dotum
350 2231 486 2289 rhetorum
510 2230 652 2303 argutiam,
676 2246 738 2302 quae
763 2231 922 2303 compositis
943 2235 1035 2292 uerbis
1087 2225 1133 2296 qui
1147 2223 1262 2282 hellini
1279 2240 1365 2297 nuper
1377 2223 1463 2284 lulum
1484 2227 1885 2298 0¹²820l¹mii⁸¹l³ss10⁸ae⁰ill¹

234 2327 375 2385 veritatem
398 2324 592 2391 circumvenit,
609 2323 798 2396 judicibusque
822 2324 888 2396 ipsis
906 2341 1034 2398 magnum
1088 2315 1161 2374 llous
1173 2323 1241 2374 erat.
1256 2315 1445 2375 Proiectonon
1461 2316 1496 2375 ad
1511 2318 1584 2376 illam
1598 2317 1696 2376 frustra
1709 2321 1884 2380 emittendam

233 2419 383 2492 periculum
402 2425 487 2475 creat.
511 2417 579 2474 Sunt
600 2417 684 2485 enirn,
695 2423 760 2472 sunt
774 2431 868 2473 resera
882 2418 1033 2489 multiloqui
1086 2424 1181 2466 locem
1193 2409 1305 2468 edoctus
1315 2425 1345 2468 0⁸
1361 2426 1370 2478 l
1388 2411 1436 2468 Sed
1451 2419 1480 2468 ut
1491 2412 1525 2468 ad
1540 2411 1624 2482 illim,
1638 2429 1719 2485 quom
1733 2415 1824 2488 linbila
1840 2427 1883 2474 1¹¹²

233 2510 285 2566 uiri
308 2509 396 2577 multi,
414 2518 443 2566 et
461 2508 583 2565 futilibus
607 2507 730 2564 instructi
753 2507 860 2576 verbis,
873 2510 919 2582 qui
933 2511 992 2566 trare
1004 2519 1033 2568 et
1086 2502 1209 2575 limium·
1223 2503 1311 2561 Pillll
1323 2504 1543 2577 illellillffllfflll»
1557 2508 1707 2564 remelini
1721 2517 1882 2576 ⁰⁰fflm⁰l¹¹80

233 2600 358 2658 similias
373 2600 429 2656 lieo
439 2599 625 2656 uniuersorum
638 2599 784 2671 postulant,
800 2615 958 2672 eorumque,
971 2617 1033 2674 qum
1085 2597 1144 2670 ejus
1156 2598 1348 2670 benignitatem
1368 2598 1501 2656 imiteris:
1513 2599 1738 2670 quemadmodum
1760 2601 1825 2660 alibi
1840 2602 1883 2657 di·

231 2709 297 2750 vere
310 2701 373 2749 sunt
386 2692 467 2758 bona,
482 2691 583 2748 nullam
602 2691 734 2748 rationem
746 2690 857 2749 habent.
871 2693 953 2765 htqui
970 2709 1031 2751 me·
1084 2691 1121 2747 eit
1134 2705 1141 2745 :
1154 2689 1244 2747 Estote
1264 2689 1359 2749 seete
1381 2689 1471 2747 Patris
1491 2691 1583 2758 uestri,
1596 2692 1640 2764 qsi
1658 2693 1686 2748 in
1699 2693 1768 2749 cehe
1780 2703 1827 2759 stt,
1839 2695 1883 2766 qai

231 2787 323 2844 dicum
345 2784 605 2842 medicamentomm
630 2800 708 2842 usum
726 2799 782 2841 non
800 2786 894 2857 aegroti
919 2785 1029 2856 docent,
1083 2781 1164 2836 roiam
1172 2798 1247 2838 suunt
1259 2782 1321 2838 oriri
1331 2783 1395 2856 [mir
1405 2799 1482 2854 super
1492 2784 1573 2840 mutor
1584 2792 1608 2840 st
1619 2782 1709 2852 bonor,
1723 2795 1747 2841 st
1759 2785 1825 2858 pluit
1838 2803 1881 2842 ss·

198 2930 203 2940 ,
231 2879 280 2938 sed
300 2879 339 2947 hi,
355 2877 527 2950 quantumvis
536 2876 621 2933 durus
644 2876 828 2948 molestusque
840 2879 874 2934 sit
883 2879 1030 2936 curationis
1083 2891 1129 2946 per
1136 2875 1221 2942 iustus
1240 2883 1264 2931 et
1283 2876 1403 2948 injustos.
1420 2874 1527 2948 (burt.
1542 2877 1570 2934 ὅ.
1585 2876 1644 2949 th).
1660 2877 1719 2936 Non
1732 2887 1821 2950 potest
1832 2879 1882 2938 be-

229 2971 339 3039 modus,
358 2985 419 3042 qua
439 2969 474 3026 ab
498 2969 547 3025 illo
568 2967 717 3025 ottemntur
741 2972 885 3026 sustinent.
909 2971 1029 3043 itemque
1083 2967 1194 3040 nigrum
1221 2966 1304 3024 Deum
1323 2968 1431 3026 Patrem
1449 2970 1586 3042 appellare
1605 2972 1727 3044 quisquis
1745 2980 1787 3030 est
1799 2973 1882 3032 isroei

230 3065 438 3138 gubernatorem
454 3071 643 3117 nonuectures
665 3060 761 3132 jubent
783 3059 835 3118 hoc
853 3061 934 3119 illove
948 3063 1030 3121 modo
1083 3055 1525 3134 immitiqueanimo:nequeenim
1533 3061 1880 3136 serratillasbenignitatis,

232 3159 339 3214 clarum
355 3165 466 3224 tenere,
484 3163 512 3211 et
533 3155 621 3212 navim
641 3155 773 3229 dirigere;
788 3157 836 3214 sed
859 3157 886 3213 in
904 3159 1029 3216 tabulatis
1082 3167 1142 3224 (1⁰ae
1154 3152 1181 3208 itt
1195 3153 1294 3212 czletli
1308 3154 1387 3212 Patre
1401 3163 1453 3223 est,
1469 3163 1596 3224 tesseres,
1610 3155 1658 3212 sed
1674 3155 1701 3212 in
1717 3155 1831 3214 lerinam
1845 3172 1876 3216 se

230 3250 462 3318 m0n1e2‚tttius
487 3249 608 3321 peritia,
628 3266 681 3306 110„
708 3249 791 3307 modo
813 3251 939 3308 secundis
960 3269 1028 3311 ven.
1082 3247 1199 3316 speciem
1221 3249 1423 3316 transmutavit,
1436 3257 1517 3321 atque
1538 3249 1660 3306 adirirta
1683 3249 1881 3310 iilsnobilitat'e

232 3343 288 3410 tis,
315 3340 363 3399 scd
394 3341 476 3398 etiam
508 3350 633 3400 extremo
663 3342 803 3415 ingruente
829 3345 948 3416 periculo
968 3362 1029 3405 sese
1081 3335 1192 3406 excidit,
1203 3338 1353 3395 secundum
1362 3337 1427 3396 illud
1440 3339 1523 3400 llauid
1537 3339 1639 3397 dietum
1656 3358 1663 3397 :
1680 3340 1766 3398 Eomo
1784 3343 1880 3400 cumis

230 3436 411 3493 committunt.
447 3431 500 3492 Uni
531 3443 633 3490 tantum
669 3433 742 3504 ileo,
768 3436 814 3508 qul
850 3452 910 3509 qum
950 3441 1028 3498 nobi,
1082 3429 1179 3486 horrore
1197 3439 1270 3498 esset,
1285 3448 1336 3487 nort
1357 3431 1482 3517 intelieat‘t
1495 3449 1505 3488 .·
1519 3443 1680 3504 comparatus
1704 3441 1741 3490 eet
1756 3436 1887 3508 jumentis,

229 3529 307 3586 utilia
329 3535 531 3602 opportunaque
553 3537 617 3585 sunt
640 3537 764 3584 accurate
780 3527 865 3595 uouit,
892 3529 931 3588 illi
957 3532 1028 3590 maio
1081 3521 1276 3594 fbllvffflll'bms
1290 3531 1314 3576 θ’
1336 3522 1428 3579 δῖ”ῑῑίῑδ
1448 3523 1532 3593 {⁰⁶²¹ss
1546 3533 1583 3580 ‘⁸⁸
1601 3523 1880 3599 ⁵⁸⁵⁸(Pw1·48·2¹)·

230 3619 318 3677 feriati
347 3608 470 3676 homines
497 3617 595 3677 cedere
627 3620 771 3687 nesciunt,
800 3619 847 3677 sed
875 3622 1041 3695 perniciosa*
1080 3613 1187 3670 Etenim
1202 3613 1248 3686 qui
1263 3621 1394 3672 uttaurus
1410 3614 1493 3671 insilit
1506 3615 1654 3682 etimadit,
1666 3617 1879 3676 utusinuscelcs

231 3714 308 3787 quasi
324 3713 399 3770 utilia
413 3711 563 3784 postulant,
576 3711 687 3785 perinde
708 3723 788 3785 atque
808 3723 939 3786 egrotus,
950 3717 996 3789 qui
1011 3733 1026 3773 a
1080 3705 1152 3772 ierit,
1170 3714 1199 3761 ut
1211 3705 1330 3764 camelus
1345 3706 1450 3778 injuriae
1463 3708 1595 3777 meminit,
1610 3717 1639 3764 ut
1656 3724 1736 3766 ursus
1750 3719 1838 3780 uorat,
1850 3726 1880 3768 ut

230 3807 337 3866 medico
351 3808 432 3880 petit,
448 3822 501 3863 nou
528 3821 560 3862 ea
581 3822 643 3879 qum
669 3805 792 3864 morbum
819 3807 964 3882 depellant,
978 3809 1027 3868 sed
1082 3799 1161 3870 lupus
1177 3799 1265 3871 rapit,
1281 3807 1310 3858 ut
1323 3800 1446 3872 scorpius
1465 3800 1568 3873 pungit,
1582 3799 1696 3859 subdole
1708 3802 1763 3874 agit
1774 3812 1803 3858 ut
1816 3802 1878 3860 rul-

229 3916 291 3971 qum
314 3899 454 3955 materiam
480 3897 551 3953 iliam
576 3895 663 3954 morbi
691 3907 803 3955 matrem
830 3899 1026 3958 etanwefum
1080 3905 1138 3963 pes,
1154 3889 1242 3948 hinnit
1252 3890 1285 3947 ad
1296 3890 1411 3949 feminas
1421 3892 1506 3950 instar
1523 3892 1584 3964 equi
1598 3893 1740 3964 emissarii,
1754 3894 1800 3968 qui
1814 3909 1876 3966 pos·

228 3993 350 4052 medicus
368 3990 466 4046 iniirmi
481 4006 576 4062 preces
591 4006 644 4047 non
657 3990 782 4058 admittit,
797 3993 845 4051 sed
860 3995 966 4052 etiamsi
988 3996 1027 4053 la·
1080 3985 1116 4039 ⁸1¹
1138 3983 1245 4057 dignam
1267 3983 1322 4041 ⁰¹5⁰
1343 4000 1437 4043 l⁰⁰0ffl
1459 3986 1599 4053 emblem,
1614 3987 1774 4060 Patremque
1791 3991 1877 4048 Deum

229 4093 394 4156 erymuntem
412 4083 647 4158 ingementemque
673 4081 773 4153 rideat,
790 4087 857 4142 artis
884 4087 1039 4170 praeceptis⁸
1080 4079 1262 4160 compellsrcl
1274 4081 1359 4151 Quem
1377 4082 1449 4138 buno
1469 4082 1549 4156 igitur
1562 4084 1710 4140 rooemusl
1725 4083 1876 4144 lleramnei

229 4177 427 4248 obtemperabit
438 4175 538 4249 potius,
552 4192 632 4248 quam
647 4177 719 4234 illius
733 4178 856 4236 nectatur
875 4181 1001 4255 lacrymis
1016 4197 1024 4237 t
1081 4172 1115 4229 m
1126 4171 1192 4229 ferse
1206 4187 1261 4230 uno
1286 4188 1319 4230 ex
1338 4175 1504 4232 enumeratis
1520 4175 1586 4231 vitiu
1606 4175 1739 4247 laboranti,
1753 4177 1797 4234 hic
1811 4194 1877 4236 vero

229 4261 342 4338 tumque
356 4265 453 4323 medici
466 4266 710 4340 irrobsequeutiam,
725 4285 778 4325 non
791 4271 1024 4340 inhumanitatem,
1080 4266 1169 4322 omnia
1185 4265 1265 4322 simul
1278 4266 1475 4339 complectens,
1490 4267 1597 4326 scritate
1610 4269 1730 4341 ipsarum
1741 4270 1876 4328 efferatior

228 4359 277 4416 sed
306 4357 499 4415 humanitatem
521 4373 661 4416 vocamus.
677 4359 777 4417 Contra
801 4377 867 4418 vero
886 4363 908 4419 si
923 4373 1026 4434 aegroto
1080 4365 1130 4413 est.
1145 4358 1246 4430 Ecquid
1257 4359 1318 4416 dieo
1332 4359 1440 4416 ieram?
1453 4359 1510 4436 ispa
1525 4363 1620 4433 quasis
1630 4361 1750 4420 deterior
1762 4365 1808 4422 ille
1821 4375 1875 4424 est.

228 4465 332 4507 morem
347 4456 433 4521 gerat,
441 4449 553 4522 eiusque
563 4451 693 4523 voluptati
708 4451 882 4524 obsequatur,
891 4453 1036 4513 hostiliter
1079 4450 1185 4507 Etenim
1204 4450 1266 4508 iere
1283 4453 1346 4509 licst
1363 4463 1458 4511 natura
1477 4468 1525 4510 sua
1545 4455 1662 4513 immites
1676 4457 1741 4528 sint,
1756 4457 1875 4516 bumana

228 4560 290 4601 eum
308 4544 356 4601 illo
374 4543 443 4616 ogit;
456 4543 497 4600 sin
510 4543 652 4612 renitatur,
665 4543 778 4615 ejusque
787 4545 960 4615 cupiditatem
974 4562 1025 4619 op·
1081 4553 1168 4601 tamen
1186 4556 1244 4602 arte
1265 4546 1370 4604 cicures
1394 4547 1462 4604 dunt
1483 4558 1510 4604 et
1531 4561 1741 4608 mansuescunt:
1754 4552 1876 4612 bicrero

190 4701 197 4716 ι
226 4643 342 4708 pugnet,
359 4633 632 4706 misericordiamque
644 4633 788 4690 elementia
802 4634 894 4692 utitur.
910 4635 954 4694 Sic
967 4639 1025 4696 ani·
1079 4635 1171 4706 homo,
1185 4639 1231 4710 qui
1244 4639 1351 4696 insitam
1363 4641 1443 4698 illisa
1456 4651 1551 4700 nutura
1564 4643 1697 4702 tentarem
1711 4646 1738 4703 in
1753 4663 1875 4706 mansue

142 4798 146 4808 ι
226 4745 332 4786 marum
352 4740 503 4786 nostrarum
517 4727 728 4798 liedicus,quu·
755 4728 836 4783 noxia
854 4729 941 4787 littura
961 4742 1025 4789 sunt
1079 4730 1209 4800 tudinem,
1221 4749 1282 4806 quae
1292 4745 1390 4791 eontra·
1399 4736 1505 4793 illarum
1519 4746 1642 4796 naturam
1653 4750 1873 4813 est,commntat,

226 4819 380 4892 petentibus
392 4835 538 4892 numquam
550 4819 665 4876 dederit.
677 4819 769 4891 Neque
779 4821 850 4876 enim
860 4832 951 4894 patres
962 4839 1024 4894 pro-
1077 4841 1157 4898 quam
1167 4829 1367 4885 excusationem
1379 4829 1496 4901 hebebit,
1507 4832 1553 4905 qui
1563 4833 1674 4890 inditam
1685 4836 1735 4893 sibi
1746 4853 1762 4892 a
1777 4847 1873 4895 nature

227 4913 261 4972 iis
283 4923 406 4971 amantes
420 4914 482 4970 llliis
500 4912 590 4970 adhuc
615 4912 719 4969 tenellis
740 4912 843 4983 gladios
863 4923 916 4970 aut
926 4915 1024 4987 ignitos
1078 4918 1310 4977 mansuetudinem
1323 4921 1349 4977 in
1365 4922 1497 4980 ieritatem
1514 4933 1618 4983 staturae
1637 4941 1693 4984 suro
1706 4915 1870 4988 contrariam

225 5005 358 5064 carbones
378 5005 547 5077 petentibus,
563 5019 689 5075 umquam
708 5005 878 5075 porrexerint
900 5023 907 5062 ι
924 5015 1023 5064 nomnt
1077 5013 1220 5082 conuertit,
1237 5013 1349 5086 siquod
1363 5024 1421 5071 erut
1436 5025 1532 5075 natura
1548 5017 1652 5086 iorum.
1664 5017 1731 5079 mito
1743 5023 1872 5094 reddidit,

225 5099 299 5156 enim
325 5100 384 5156 brec
408 5098 508 5156 damno
531 5096 621 5154 lutura
647 5112 708 5155 esse
732 5097 884 5156 sidentur:
901 5101 1023 5158 nonnulli
1077 5097 1110 5158 sd
1126 5113 1300 5160 seronatum
1321 5106 1426 5177 mitem,
1439 5106 1525 5165 lerum
1540 5109 1649 5168 edecltl
1664 5120 1692 5168 et
1705 5113 1751 5187 qui
1766 5114 1874 5172 leonem

224 5207 290 5249 vero
312 5194 338 5249 in
366 5200 515 5249 extremam
536 5189 656 5262 prolapsi
679 5189 853 5260 dementiam,
870 5207 923 5250 non
941 5193 1023 5250 modo
1078 5193 1181 5266 mitigat
1196 5197 1416 5270 tractabilemque
1431 5197 1505 5269 iacit,
1525 5203 1592 5259 iram
1604 5219 1680 5260 suam
1695 5205 1775 5265 leone
1786 5207 1875 5264 reddit

225 5283 347 5355 corporis
361 5281 597 5355 pulchritudinem,
609 5280 726 5352 diritius,
743 5286 889 5356 potentiam
904 5295 1032 5343 cetera-·
1077 5286 1314 5348 intractabiliorem
1323 5291 1335 5346 l
1345 5292 1381 5348 At
1393 5296 1420 5349 lu
1432 5294 1509 5352 leone
1523 5295 1577 5352 duo
1591 5306 1654 5355 sunt
1669 5297 1874 5372 impedimenta,

224 5389 276 5444 que
294 5373 322 5430 iri
344 5389 430 5447 genus
449 5373 484 5430 ab
510 5373 696 5434 universorum
719 5377 775 5435 lieo
802 5378 952 5451 postulant;
971 5377 1022 5436 ssd
1076 5379 1148 5453 quod
1170 5381 1193 5437 is
1216 5383 1318 5440 ratione
1329 5395 1431 5453 careat,
1446 5396 1474 5443 ct
1485 5387 1558 5459 quod
1576 5397 1737 5448 cateromm
1752 5391 1874 5450 omnium

225 5465 307 5520 etiam
317 5465 432 5522 inimicis
445 5467 502 5523 suis
516 5467 708 5552 imprecantur,
722 5471 847 5542 ipsosque
857 5471 945 5543 poenis
954 5485 1021 5544 sup·
1077 5472 1112 5530 sit
1126 5473 1309 5552 lerocissimus
1323 5495 1330 5532 :
1346 5487 1475 5536 ettamen
1493 5495 1542 5553 per
1556 5480 1687 5540 diuinitus
1700 5483 1812 5541 inditam
1827 5497 1875 5542 sa·

224 5553 360 5627 plinioque
372 5555 443 5615 attici
457 5572 551 5632 rogam
562 5578 569 5615 ι
582 5571 609 5617 et
622 5577 702 5634 quem
720 5562 770 5617 sihi
789 5562 932 5634 propitium
945 5562 1022 5620 beni·
1077 5568 1204 5640 pientiam
1220 5557 1334 5628 lerinam
1352 5572 1423 5630 illam
1441 5585 1553 5648 superat
1571 5585 1713 5648 naturam;
1728 5595 1822 5638 rerum
1837 5579 1874 5653 la,

225 5663 362 5721 gnumque
376 5665 436 5709 esse
456 5663 610 5727 precantur,
626 5655 741 5711 inimicis
751 5655 880 5712 immitem
895 5655 1019 5713 inhuma·
1075 5663 1120 5734 qui
1145 5663 1172 5721 in
1190 5663 1255 5721 ieris
1279 5673 1400 5723 naturam
1425 5669 1526 5739 rincit,
1541 5671 1568 5728 in
1587 5673 1678 5746 seipso
1689 5684 1718 5732 et
1732 5686 1873 5735 mtursset

225 5757 345 5815 numque
358 5759 419 5803 esse
436 5754 590 5818 peroptant.
603 5745 670 5817 Quas
682 5750 772 5806 omnia
785 5747 915 5808 Dominus
933 5753 1019 5824 repri·
1077 5758 1206 5829 propositi
1228 5757 1371 5820 rolurrtarii
1391 5761 1489 5819 borum
1508 5763 1596 5836 perdit
1611 5782 1618 5821 r
1633 5766 1750 5842 dumque
1764 5772 1845 5832 leone
1870 5793 1873 5800 ·
