4142 6342
110 338 128 398 0
671 303 887 372 innascens
907 308 1125 372 passarus.
1728 316 1765 382 rs

113 453 207 520 mffiae
231 451 309 516 ,pam
325 431 618 528 quadruplatadies
630 435 862 518 preterierunt,
899 435 978 498 robe
990 432 1231 496 Tillemontium
1243 433 1364 498 interra
1378 430 1666 521 Quetmpestmam
1679 445 1767 524 apud

35 543 40 554 ·
113 497 330 606 Antiocheam
355 525 492 604 caepisse
514 517 595 583 leria
619 515 759 580 secunda
781 521 854 608 posi
868 451 1194 608 gulaquagesimam,
1210 518 1398 608 septemque
1409 517 1697 587 hebdomadibusa
1722 527 1768 588 ud

113 612 183 678 illas
201 597 304 674 'totam
319 600 608 684 Quadragesimam
620 596 776 677 persolvi,
789 613 930 678 pureque
944 595 1028 680 iaaac
1045 595 1215 656 homtbam
1228 595 1284 657 rlle
1301 596 1335 656 ia
1347 596 1461 661 leriam
1479 605 1605 664 sextam
1617 605 1690 679 Qua
1711 621 1770 671 ra-

113 695 241 780 gespmae
296 689 382 750 ntert
398 707 406 747 ι
426 686 498 748 erat
514 679 634 760 quippe
657 678 714 740 illa
728 675 795 740 dies
809 680 842 739 et
854 675 1109 769 Quadragesima
1123 676 1166 739 ab
1186 675 1340 738 inchoata
1354 677 1492 758 jejunio,
1508 685 1542 744 et
1553 681 1678 748 decima
1692 693 1770 752 ante

15 783 16 790 ,
113 763 245 858 pasch·
294 771 351 844 m
363 782 424 848 pro
439 766 564 828 asserto
578 759 735 822 hahemus
748 756 1132 838 Quadragesrmam,qua
1144 754 1271 834 aliquot
1282 755 1317 818 in
1330 756 1483 825 Ecclesiis
1493 763 1593 828 raab
1607 765 1768 830 limitibus

114 849 454 919 circumscribebatur,
470 843 660 925 perseptem
674 837 871 902 hebomadas
887 835 1068 900 Antiochia
1082 837 1288 899 observatam
1301 836 1413 900 luisse.

152 936 233 997 Cum
248 948 362 1011 porra,
377 921 564 988 memoratis
580 936 681 999 supra
701 918 741 980 dc
763 919 893 990 causis,
908 917 1079 996 paschales
1093 917 1223 980 tabulas
1244 917 1440 997 hodiernus,
1457 939 1531 1001 quae
1552 925 1674 1006 pascha
1689 929 1771 992 antri

112 1014 169 1078 387
192 1015 227 1076 ia
249 1013 335 1074 diam
351 1007 393 1068 ‘25
416 1003 535 1083 Aprilis
561 1001 752 1092 conterunt,
777 997 1146 1092 suspectas'habeamus
1168 997 1283 1060 saltem
1306 1014 1366 1078 pro
1382 999 1536 1066 Ecclesia
1560 1006 1772 1073 Antiocheam

113 1086 192 1170 usis,
211 1097 320 1171 aeque
337 1085 544 1167 exploratum
559 1080 652 1144 uobis
676 1083 717 1144 srt
730 1095 797 1158 qua
816 1079 867 1142 dre
884 1078 1079 1141 hatrocbem
1105 1076 1170 1141 hoc
1185 1094 1273 1141 auno
1288 1077 1349 1140 387
1365 1081 1486 1159 pascha
1510 1081 1769 1166 celebraverint,

113 1194 132 1238 a
149 1175 199 1236 die
213 1169 336 1246 mensis
359 1169 394 1230 lu
420 1163 611 1228 recensione
624 1160 833 1224 homiliarum
847 1157 1132 1222 commemorando
1154 1159 1403 1235 abstinebimus,
1419 1161 1565 1244 satisque
1577 1165 1770 1232 habebimus

114 1254 287 1324 indicasse,
306 1243 487 1330 quandoid
503 1241 624 1314 licebit,
638 1257 706 1320 qua
718 1239 769 1303 die
782 1237 991 1302 hebdomadis
1013 1237 1155 1300 bomilia
1168 1238 1261 1306 dicte
1282 1238 1413 1303 luerint.

151 1333 260 1397 Prima
278 1331 390 1409 itaqua
409 1324 544 1388 homilia
571 1322 683 1385 habita
703 1325 752 1382 cst
767 1320 878 1398 paucis
893 1323 969 1384 anta
987 1317 1178 1382 seditionem
1199 1319 1435 1384 antiochenam
1448 1323 1582 1402 diebus,
1598 1327 1636 1390 ut
1658 1346 1700 1391 ex
1717 1327 1770 1394 bis

113 1408 262 1480 secundm
276 1409 431 1481 banstae,
449 1423 540 1466 rrum.
557 1401 588 1474 3,
606 1400 715 1464 verbis
728 1399 875 1464 eruitur:
890 1399 1031 1480 Lanqam
1043 1415 1146 1480 nuper
1159 1399 1246 1480 apud
1257 1401 1421 1463 caritatem
1436 1412 1570 1468 uernam
1588 1409 1771 1472 concionem

113 1490 321 1558 calendi...et
340 1488 484 1551 laborum
511 1481 677 1545 mercedem
699 1481 856 1560 accepi...
886 1479 964 1557 Qua
982 1496 1057 1542 cero
1085 1496 1201 1541 merces
1220 1481 1312 1542 erati
1329 1481 1477 1546 Ciuitatis
1507 1483 1770 1568 blasphematores

111 1575 239 1656 paupe,
263 1583 292 1634 et
311 1568 466 1707 castipcqqe
481 1565 579 1706 liquem
592 1559 784 1701 contumeliq
796 1561 978 1672 aspicientes,
994 1567 1023 1621 et
1055 1559 1178 1700 uriasqs
1197 1559 1348 1623 cohibere.
1364 1562 1440 1656 Haec
1457 1565 1672 1704 qraculdubio
1694 1587 1772 1650 spe-

113 1647 1773 1812 siccissima-,cccestiis,stiraceassarisasumersetensis

113 1807 262 1894 prolert:
289 1807 346 1873 Sed
357 1815 527 1898 postquam
540 1802 577 1864 de
592 1799 781 1882 blasphemia
792 1799 883 1863 nabis
897 1799 991 1862 uerba
1003 1802 1091 1882 [acta
1109 1817 1196 1862 nunc
1207 1807 1300 1872 sunt,
1315 1819 1412 1864 unam
1425 1821 1445 1866 a
1458 1804 1548 1868 nabis
1566 1807 1772 1892 omnibuspe-

116 1903 180 1956 tere
196 1891 269 1954 cola
298 1885 538 1950 retributionem
553 1897 614 1964 pro
626 1881 776 1948 concione
789 1879 847 1944 hac
859 1889 951 1962 atque
966 1899 1116 1950 samone,
1127 1889 1165 1941 nt
1178 1881 1215 1943 in
1229 1883 1357 1946 ciuitate
1370 1883 1614 1964 blasphemantes
1626 1889 1704 1952 mihi
1719 1910 1771 1954 ca.

114 1973 237 2056 stipatis
247 1992 257 2042 ‚·
270 1971 299 2032 si
322 1966 495 2049 quempiam
520 1963 555 2026 in
576 1961 659 2026 binio
675 1969 704 2024 et
718 1961 790 2041 {ora
805 1963 841 2026 in
865 1962 963 2023 Deum
981 1959 1240 2042 blaspheamntem
1252 1963 1409 2036 audieris,
1428 1966 1551 2039 accede,
1566 1967 1721 2052 increpa:
1741 1979 1772 2034 es

116 2055 143 2116 si
156 2049 284 2116 verbam
302 2045 447 2129 intiipere
468 2051 622 2127 oporteat,
637 2059 809 2104 neremtses
824 2060 835 2102 .·
852 2041 1079 2136 ipsiursaciem
1096 2041 1191 2122 alapa
1204 2053 1345 2123 percute,
1362 2051 1486 2107 contere
1509 2066 1544 2108 as
1564 2049 1676 2190 ipsius,
1687 2069 1773 2132 per-

117 2134 260 2198 cussiane
271 2145 398 2192 manum
415 2135 501 2190 tuom
514 2124 688 2204 sanctifica.
703 2121 767 2200 Qut
781 2137 863 2187 sane
877 2122 1060 2202 corrigendi
1075 2121 1191 2184 modas
1215 2140 1282 2186 non
1304 2130 1391 2188 esset
1402 2125 1443 2190 ad
1459 2143 1558 2190 usum

99 2257 109 2274 .
174 2210 391 2275 ommodatus.

116 2231 337 2356 ac(cerandum
358 2286 526 2349 homiliam
542 2283 667 2350 conlert
691 2283 916 2348 Tillemontius
941 2283 991 2348 rel
1014 2282 1049 2346 in
1066 2283 1180 2348 leriam
1195 2289 1361 2378 quintam,
1382 2287 1434 2350 vel
1454 2287 1489 2350 in
1508 2280 1772 2355 sabbatnm'ante

116 2369 405 2453 Quadragesimam
422 2387 429 2428 ι
445 2365 546 2430 tutius
560 2380 639 2430 vero
652 2362 779 2427 dicatur
799 2364 850 2428 his
865 2363 994 2427 circiter
1009 2363 1123 2427 diebus
1139 2364 1284 2428 habitam
1299 2364 1412 2442 luisse,
1429 2372 1552 2448 septem
1569 2371 1713 2447 exactis,
1735 2377 1774 2435 ut

117 2456 186 2534 ipse
200 2452 451 2534 chrysostomus
462 2447 520 2520 ait,
535 2462 556 2510 a
569 2443 727 2510 seditione
738 2443 853 2508 diebus
869 2465 877 2504 ε
892 2444 1013 2524 quibus
1026 2463 1062 2507 se
1073 2446 1214 2508 tacuisse
1229 2445 1318 2522 dicit,
1332 2447 1421 2542 quod
1436 2449 1559 2530 ingenti
1573 2452 1771 2529 calamitate,

117 2544 148 2598 ct
167 2531 304 2615 periculi
318 2528 404 2592 mole
424 2525 627 2592 consternati
650 2523 857 2601 Antiocheai,
873 2541 940 2588 noa
954 2528 1064 2588 essent
1082 2524 1251 2589 audiendis
1265 2529 1478 2590 concionibus
1495 2528 1623 2605 idonei3
1645 2535 1687 2596 ob
1706 2550 1773 2596 ne-

117 2615 256 2696 glectam
270 2627 368 2692 porro
389 2607 526 2672 fratrum
549 2605 844 2687 blasphemantium
867 2606 1126 2670 emendationem
1138 2605 1208 2669 hnc
1227 2607 1314 2672 mala
1335 2606 1490 2671 divinitus
1514 2608 1590 2673 dicit
1611 2611 1770 2689 immissa,

117 2712 262 2774 quoram
284 2696 460 2770 postquam
480 2686 655 2768 imaginem
677 2685 844 2828 eloquatur
866 2685 1057 2764 descripsit,
1078 2684 1119 2746 de
1137 2684 1278 2757 divitiis,
1299 2686 1339 2749 de
1362 2687 1549 2751 diuitiarum
1563 2707 1641 2768 usu,
1665 2692 1772 2773 deque

116 2773 329 2854 eleemosyna
344 2769 429 2832 etde
445 2773 634 2848 paupertate
648 2765 734 2846 pluri
759 2783 798 2828 as
813 2764 1038 2840 concionatus,
1053 2765 1237 2828 orationem
1253 2764 1385 2827 claudit.

159 2854 271 2916 Tertia
283 2849 419 2915 homilia
431 2845 607 2910 secundam
623 2864 643 2909 e
659 2845 794 2926 vestigio
808 2843 976 2924 sequitur3
990 2843 1081 2906 illam
1098 2861 1177 2906 sero
1190 2841 1335 2907 habitam
1344 2849 1497 2926 putamus
1511 2865 1586 2910 cum
1596 2847 1773 2914 Tillemon·

117 2931 163 2996 tio
180 2932 351 2996 Domtaica
362 2927 660 3008 Quinquagesimce,
674 2929 711 2987 ut
723 2925 880 2988 hodierno
897 2941 987 2986 more
1000 2915 1366 3006 inquinatissimam
1403 2926 1527 2990 coiecta
1543 2928 1691 2993 Flaviani
1706 2931 1774 2994 Aa·

118 3013 262 3076 ticcheui
277 3009 420 3090 episcopi
431 3005 735 3086 Constantinopolin
742 3005 782 3068 ad
795 3005 1025 3084 imperatorem
1041 3003 1253 3089 placandum,
1265 3009 1299 3066 et
1312 3005 1360 3068 rei
1418 3025 1458 3069 ue
1477 3009 1625 3103 gerenda
1639 3027 1697 3089 spe
1710 3029 1774 3091 po-

117 3092 234 3172 puld'm
256 3089 446 3154 consolatur
469 3086 720 3167 chrysostomus
737 3105 744 3146 ι
761 3085 911 3164 pluribus
925 3082 1041 3146 deinde
1054 3088 1289 3148 commonstrat
1308 3086 1437 3168 jejunii,
1454 3089 1517 3149 arsi
1531 3091 1650 3154 avitiis
1668 3091 1773 3155 absti-

119 3169 249 3248 nectar,
265 3171 437 3234 utilitatem
454 3183 527 3230 esse
541 3168 665 3230 nullam
681 3185 689 3227 ε
705 3171 879 3245 postquam
894 3181 973 3228 vero
989 3163 1029 3226 de
1043 3164 1243 3229 detractione
1257 3165 1389 3231 uitanda
1401 3183 1507 3248 pauca
1521 3167 1666 3246 dixerat,
1682 3171 1774 3237 cala-

119 3255 266 3330 mitatem
280 3253 473 3331 presentem
488 3247 654 3326 deplorat,
670 3250 702 3308 ct
718 3245 948 3309 intolerantius
974 3244 1122 3309 sarlium
1144 3263 1218 3308 esse
1243 3250 1380 3309 narrat:
1400 3245 1451 3310 Hi
1463 3247 1586 3330 quidem
1599 3252 1703 3332 serra,
1722 3252 1773 3315 ln·

119 3332 203 3414 quit,
229 3332 281 3395 illi
307 3331 391 3412 iqne,
405 3326 533 3410 quidam
549 3325 654 3390 bestiis
670 3325 781 3390 traditi
792 3327 969 3407 perierunt,
982 3341 1049 3388 aon
1060 3324 1127 3389 oiri
1141 3333 1280 3399 tantum,
1291 3325 1345 3388 sed
1359 3334 1388 3388 et
1398 3329 1518 3408 pueri:
1538 3347 1594 3391 nec
1605 3331 1706 3395 atatis
1716 3335 1774 3397 ips.

119 3415 369 3484 malacitanam
391 3427 412 3489 p
457 3407 504 3470 uli
526 3406 694 3482 tumultus,
719 3423 775 3469 nec
800 3405 885 3486 quod
898 3404 1177 3488 surerediabotiao
1197 3406 1314 3486 perciti
1333 3407 1460 3488 quidam
1479 3407 1544 3472 hac
1556 3411 1701 3491 fecerint,
1716 3431 1774 3478 nee

120 3493 204 3576 quad
219 3493 346 3564 exactio
361 3490 430 3552 iata
445 3485 571 3550 erabilis
593 3493 686 3562 esset,
715 3503 781 3549 non
803 3503 871 3568 pau
895 3494 997 3562 ertas,
1015 3505 1083 3549 non
1103 3486 1189 3568 quad
1203 3503 1362 3549 commune
1381 3497 1544 3584 peccatum
1565 3491 1685 3572 suerit,
1706 3496 1774 3558 nort

120 3573 205 3653 quod
214 3569 424 3653 promiserint
438 3585 605 3648 numquam
618 3585 649 3629 se
672 3565 807 3646 amplius
833 3503 911 3629 talla
924 3582 1074 3638 ausuros,
1092 3583 1159 3628 non
1178 3562 1268 3629 aliud
1281 3566 1443 3650 quidpiam
1466 3569 1552 3650 ipsos
1567 3571 1705 3651 eripuit:
1721 3570 1776 3637 sed

120 3653 233 3734 absque
245 3649 390 3720 cmiaad
404 3646 585 3720 barathrum
607 3645 855 3715 adducebantur,
873 3645 1029 3710 militibus
1045 3647 1175 3710 amentis
1190 3647 1348 3728 utrimque
1373 3648 1386 3710 i
1408 3665 1459 3710 sos
1486 3647 1649 3732 apsntibus
1668 3660 1697 3714 et
1717 3651 1776 3716 ob-

121 3731 317 3796 seruantibus
342 3747 380 3792 ne
401 3729 470 3810 quis
498 3745 568 3790 reos
583 3728 735 3807 eriperet,·
754 3735 782 3788 et
808 3724 1014 3808 sequebantur
1034 3734 1168 3796 matres,
1184 3729 1301 3808 procsd
1315 3729 1372 3810 qu'
1394 3729 1536 3812 empitius
1549 3729 1774 3814 conspicientes

121 3813 321 3888 abstractos,
339 3809 392 3874 scd
406 3809 443 3872 de
466 3807 643 3873 calamitate
654 3807 803 3888 conqueri
815 3822 882 3869 non
894 3805 1054 3868 audentes.
1076 3805 1232 3889 affectum
1246 3809 1327 3870 enim
1340 3807 1484 3871 uincebat
1497 3809 1635 3894 senaida
1647 3858 1656 3887 ,
1670 3820 1699 3872 ct
1713 3830 1775 3871 na-

122 3903 227 3956 turam
242 3889 411 3973 superabat
423 3897 530 3950 metus.
542 3889 618 3950 Hac
633 3889 743 3951 omnia
760 3887 849 3950 illata
869 3889 947 3950 sunt
974 3886 1184 3951 antiochenis
1211 3889 1299 3952 mala
1311 3903 1332 3952 a
1345 3887 1506 3952 tretecus
1523 3907 1581 3951 seu
1595 3890 1775 3969 magistra-

121 3974 210 4052 tibus
220 4019 229 4048 ,
246 3979 423 4050 autequam
438 3968 638 4040 'lheodosius
663 3968 702 4030 de
727 3967 883 4030 seditione
906 3965 1073 4046 quidpiam
1091 3967 1245 4040 audisset,
1268 3969 1305 4030 ut
1318 3967 1494 4061 aitqibidem
1509 3968 1772 4050 chrysostomus.

121 4053 314 4118 Orationem
328 4068 427 4132 porro
442 4049 563 4112 claudit
577 4063 713 4110 moneas
727 4051 764 4109 ut
779 4063 798 4114 a
812 4046 1024 4123 detractione,
1039 4048 1082 4110 ah
1096 4047 1273 4109 inimicitiis
1288 4051 1321 4110 el
1335 4063 1357 4109 a
1369 4047 1559 4128 paramentis
1576 4050 1773 4114 abstineant.

162 4133 308 4196 Humilia
321 4135 441 4211 quarta
456 4129 536 4192 leria
549 4128 703 4201 secunda,
719 4143 793 4208 quta
806 4132 876 4192 erat
888 4127 1018 4188 initium
1033 4125 1314 4207 (quadragesimae,
1336 4131 1374 4192 ut
1392 4127 1520 4190 ridetur
1538 4128 1670 4206 habita,
1687 4133 1775 4199 bona

112 4223 165 4276 'cx
177 4213 365 4276 calamitate
381 4216 475 4290 parta
487 4209 656 4282 describit,
671 4212 811 4269 mutatos
824 4205 917 4280 dicit,
933 4209 964 4266 et
990 4223 1009 4269 a
1026 4206 1172 4286 pristinis
1195 4206 1339 4270 moribus
1364 4201 1514 4270 reductos
1540 4209 1774 4276 Antiocheaos.

121 4293 161 4357 ln
175 4295 239 4356 liae
260 4291 340 4358 'vcro
355 4309 396 4356 ea
415 4290 486 4369 ipsa
501 4290 633 4360 monita,
643 4305 717 4367 quse
730 4289 764 4349 iu
779 4284 969 4366 precedenti
982 4303 1016 4349 se
1030 4285 1156 4349 dedisse
1170 4293 1419 4365 commemorat,
1435 4289 1552 4351 iterum
1567 4293 1702 4370 repetit;
1718 4293 1777 4354 ni-

122 4375 244 4438 mirum
258 4373 298 4436 dc
314 4370 454 4436 vitandis
480 4369 753 4443 detractionibus,
777 4365 954 4430 inimicitiis
973 4373 1004 4430 et
1027 4366 1233 4450 juramentis.
1248 4369 1302 4430 stt
1323 4385 1403 4432 reru
1427 4387 1517 4432 num.
1531 4369 1551 4432 6
1565 4389 1601 4434 se
1617 4389 1675 4453 per
1689 4371 1776 4437 hauc

122 4453 358 4518 hebdomadem
370 4451 409 4514 de
421 4450 615 4533 juramentis
632 4445 793 4512 dictarum
816 4465 898 4510 esse.
1645 4455 1649 4462 ·

164 4535 309 4598 Homilia
322 4533 439 4613 quinta
450 4529 502 4592 dle
521 4528 687 4609 sequenti,
704 4533 740 4590 ut
754 4528 847 4590 iuitio
861 4527 937 4592 dicit
950 4527 1214 4609 chrysostomus,
1231 4527 1265 4591 id
1279 4534 1329 4593 est
1342 4529 1422 4592 teria
1434 4529 1542 4603 tertia,
1563 4533 1776 4610 pronuntiata

126 4620 184 4678 est.
200 4616 239 4677 ln
252 4631 292 4676 ca
306 4625 508 4677 arumnosas
528 4609 567 4672 de
585 4625 675 4672 more
690 4609 910 4671 antiochenos
928 4608 1117 4672 consolatur
1127 4608 1378 4690 chrysostomus
1392 4655 1401 4686 ,
1416 4617 1448 4674 et
1462 4609 1503 4672 ad
1524 4611 1637 4675 mortis
1656 4613 1777 4694 dcspe-

126 4701 213 4758 ctum
228 4693 429 4764 cohortatur.
450 4691 490 4754 Et
504 4690 538 4752 ia
550 4689 614 4752 liae
623 4689 662 4752 de
672 4689 865 4770 juramentis
878 4689 1017 4754 vitandis
1033 4689 1100 4770 agit
1113 4689 1283 4763 num.'1,ac
1295 4691 1543 4771 precedentium
1554 4693 1778 4771 sequentium.

126 4793 191 4854 que
202 4773 415 4838 homiliarum
429 4771 572 4851 aliquem
587 4769 707 4832 iudicat
720 4767 865 4831 ordinem
890 4769 941 4832 his
965 4770 1072 4833 verbis
1089 4789 1097 4830 ε
1113 4767 1255 4832 Primum
1269 4770 1372 4852 iqitnr
1385 4769 1413 4832 ei
1460 4771 1689 4845 crsuadeamas,
1705 4783 1742 4838 ut
1756 4796 1777 4838 a

126 4855 376 4924 iurammtarum
389 4854 466 4936 [uqa
489 4851 692 4927 mutationem
718 4849 862 4930 incipiat,
889 4849 945 4911 etsi
961 4850 1042 4912 enim
1066 4857 1096 4910 et
1119 4851 1351 4912 nudiustertius
1379 4849 1415 4913 dc
1432 4789 1493 4914 fiac
1510 4850 1597 4914 uobis
1624 4852 1775 4938 loquutus

127 4954 195 4998 sum
216 4935 349 4998 materia
364 4982 371 5003 ,
394 4950 491 5014 neque
511 4938 612 4994 tamen
631 4929 722 4993 hodie
739 4929 896 4998 desistam,
910 4945 1006 5014 neque
1024 4948 1105 5000 cras,
1119 4947 1217 5011 neque
1230 4929 1399 5013 perendie,
1415 4931 1517 4994 eadem
1528 4952 1663 4996 manae.

168 5015 310 5078 Humilia
330 5019 423 5078 sexta
442 5012 524 5076 ieria
541 5014 659 5089 quarta
682 5010 795 5090 primm
819 5007 1027 5073 hebdomadis
1044 5007 1174 5084 habita,
1191 5011 1449 5076 consolationem
1466 5012 1593 5076 alllictis
1616 5013 1779 5094 impertit,

129 5095 250 5160 bonam
262 5110 375 5158 rerum
396 5092 609 5156 mutationem
630 5105 763 5170 sperare
774 5089 867 5172 jabet
882 5109 890 5150 ε
907 5104 1015 5154 moras
1027 5089 1164 5164 nuntiis,
1180 5091 1236 5171 qui
1259 5090 1451 5154 seditionem
1463 5093 1700 5160 Antiochenam
1713 5093 1778 5157 lm-

130 5177 272 5253 peratori
293 5173 459 5238 narraturi
476 5176 581 5246 erant,
596 5187 615 5232 a
628 5169 696 5233 Deo
711 5170 875 5234 immissas
890 5168 978 5247 dicit,
993 5173 1025 5232 et
1039 5169 1113 5232 inde
1127 5189 1218 5250 spem
1232 5171 1352 5236 honam
1366 5169 1568 5236 auditoribus
1580 5171 1683 5242 affert,
1693 5176 1725 5235 ct
1739 5173 1778 5237 de

130 5256 259 5330 renisa
279 5254 437 5320 Flaviaco
458 5251 610 5334 episcopo
624 5249 827 5330 impetranda
847 5249 999 5314 fiduciam
1019 5250 1140 5313 babere
1154 5249 1248 5332 jubet
1263 5271 1271 5312 ε
1287 5267 1327 5316 ac
1339 5257 1513 5334 postquam
1537 5252 1576 5316 de
1590 5257 1693 5315 morte
1711 5269 1778 5317 noa

131 5333 273 5399 timenda
288 5334 453 5410 disseruit,
467 5331 622 5474 sqlsersus
636 5329 822 5411 juramenta
836 5348 896 5410 pro
909 5347 999 5394 more
1012 5327 1172 5471 loquitur.
1280 5376 1288 5387 .

170 5415 313 5480 Humilia
327 5415 464 5494 septima
499 5412 529 5475 ie
551 5411 712 5489 sequenti,
727 5415 763 5474 ut
777 5412 886 5474 multis
907 5429 949 5474 ex
962 5409 1048 5472 uotis
1076 5411 1223 5490 iquidum
1236 5413 1305 5490 est,
1324 5409 1461 5477 habita:
1484 5409 1616 5474 Etenim
1637 5413 1782 5507 quintam

1599 2129 1771 2212 odierupm

133 5493 229 5568 diem,
247 5496 356 5576 iuquit
369 5495 637 5574 chrysostomus,
651 5492 774 5572 aqimus
796 5498 931 5553 nestram
950 5488 1148 5554 consolantes
1167 5492 1339 5556 caritatem.
1366 5493 1487 5570 Quinta
1507 5507 1607 5571 porro
1623 5492 1690 5557 dres
1711 5493 1781 5558 hac

133 5585 324 5640 numeratur
339 5573 523 5656 incipiendo
535 5571 744 5646 abominica,
758 5573 805 5635 ita
818 5575 855 5633 ut
873 5571 913 5633 de
930 5572 1046 5652 quinta
1061 5571 1269 5636 hebdomadis
1290 5573 1341 5635 die
1354 5571 1520 5650 loquatur.
1545 5571 1661 5653 Agitur
1672 5574 1725 5636 hic
1741 5575 1781 5636 de

134 5657 245 5735 primis
261 5657 423 5721 Genessos
438 5653 612 5728 verbis,1n
633 5651 793 5735 principio
808 5652 976 5733 fecitlieus
987 5651 1093 5715 calum
1108 5661 1137 5716 et
1150 5661 1275 5723 terram,
1292 5651 1474 5732 diciturque
1487 5651 1592 5716 Deum
1606 5670 1672 5715 noa
1685 5654 1782 5716 modo

136 5753 214 5832 cum·
233 5737 394 5820 castigat,
414 5733 584 5801 sedetiam
603 5751 678 5804 cum
705 5731 866 5796 beneiaclt
889 5734 1010 5797 bouum
1030 5751 1123 5811 esse,
1147 5738 1179 5797 et
1202 5733 1433 5814 ajuramcutis
1457 5731 1596 5798 ritaudis
1620 5734 1783 5797 clauditur

137 5822 350 5967 offiium
362 5905 515 5970 octavam
529 5903 620 5980 putat
631 5894 855 5962 Tillemoutius
868 5894 919 5962 die
933 5867 1106 5978 septimam
1122 5860 1291 5962 homnium
1306 5899 1475 5976 sequente,
1490 5895 1582 5961 idest
1594 5893 1676 5968 teria
1689 5903 1784 5963 sexta
