4142 6342
139 343 175 404 η
615 341 683 408 ao
701 337 863 400 mausus
882 339 1140 436 amrmemus.
1163 350 1278 415 nouus.
1299 355 1319 413 t.
1751 375 1786 435 ss

137 458 178 539 eia
187 415 250 525 eos,
261 455 307 528 qui
322 463 439 517 mentem
451 456 590 528 adhihent,
600 457 707 516 diaholo
719 455 935 530 inexpugnabiles
993 475 1136 536 numquam
1161 483 1242 539 parva
1263 479 1291 527 et
1304 472 1372 541 vilis,
1388 475 1435 532 sed
1448 491 1543 550 maqna
1557 489 1584 538 et
1603 481 1746 556 mirabills,
1760 499 1790 546 es

137 548 246 618 reddit;
261 556 289 606 ct
300 557 436 622 tamquam
448 551 507 626 lyra
521 565 627 610 mrsum
641 547 723 608 multa
737 555 797 606 etum
811 546 936 618 jucundi·
991 556 1079 614 dantis
1092 559 1272 620 munillcentia
1287 565 1376 640 diqna.
1390 568 1429 625 Ne
1444 569 1524 644 iqitur
1535 574 1621 634 otiose
1632 577 1787 653 audiamus,

138 651 192 724 “ii
205 641 353 707 dilsscliffin
367 642 543 702 ³b⁸⁰ld³i¹¹m
557 643 665 700 ffl⁰fb⁰⁵
688 637 877 714 ⁰0lli¹³¹¹⁰¹¹¹¹¹¹¹
890 654 935 710 ,50-
991 651 1115 722 quantam
1124 654 1168 728 qui
1179 657 1346 718 metallorum
1358 672 1455 722 terram
1470 681 1631 744 excoquunt,
1646 684 1789 750 postquam

139 739 188 810 pit,
204 751 237 818 qe
250 736 360 815 multam
376 752 437 807 cunt
459 721 684 812 t⁷oluptatenohis
696 735 774 794 affert
786 735 935 792 utilitatem.

138 831 259 898 Audistis
280 831 361 909 ipitor
383 831 464 893 hodie
478 832 512 899 de
527 831 617 894 multis
636 840 663 890 et
685 829 843 889 necessariis
857 827 938 886 rebus

139 921 284 1000 Timotheo
303 923 481 1004 disserentem
492 923 504 984 i
517 924 622 984 Etenim
636 923 669 980 de
683 920 893 982 ordinationibus
905 917 939 975 ad

138 1016 227 1092 ipsura
240 1015 358 1094 scripsit,
371 1015 465 1078 dicens
481 1034 488 1074 :
502 1015 595 1083 linum
608 1016 657 1072 sito
671 1014 764 1082 seniori
777 1011 937 1086 imposueris,

137 1126 220 1186 steqrse
231 1111 451 1183 pommeraniae
465 1111 572 1190 percotis
581 1111 671 1186 aliems
687 1110 723 1182 (tt
745 1106 812 1164 Tim.
828 1107 855 1166 5.
871 1103 937 1177 hQ:

140 1213 168 1263 et
181 1203 348 1280 intolerabile
360 1203 422 1263 talis
445 1201 671 1279 praevaricationis
691 1199 838 1274 periculum
853 1211 938 1270 expo-

141 1295 205 1370 spit,
221 1295 411 1370 demonstrans
420 1296 492 1374 quod
505 1295 635 1372 malorum
650 1293 685 1352 ab
697 1291 756 1348 aliis
770 1299 937 1366 perpetrato·

138 1401 199 1464 runa
214 1385 375 1475 supplicium
396 1387 442 1444 alii
455 1403 515 1444 cnm
528 1385 581 1448 illis
602 1386 668 1470 ipsis
683 1383 862 1455 sustinebunt,
877 1381 939 1456 quia

137 1496 187 1557 per
211 1481 405 1558 opdiuptionent
428 1479 592 1554 improbitati
610 1478 751 1536 conserunt
767 1483 937 1548 potestatem.

137 1571 202 1645 llos
215 1588 310 1646 rursus
332 1573 417 1644 iuquit
431 1590 439 1628 ε
455 1570 522 1646 Vino
533 1571 631 1651 uindico
643 1583 713 1626 utere
728 1577 829 1640 propter
844 1577 939 1622 stoura-

137 1664 215 1732 sbrust
228 1673 310 1740 mum,
320 1673 344 1722 et
354 1663 496 1736 frequentet
505 1669 561 1723 laos
573 1663 732 1733 infirnritates
748 1659 827 1734 (lite.
841 1675 867 1714 u.
878 1657 937 1732 Ἠ).
950 1737 954 1745 ι

136 1757 174 1814 Et
186 1756 221 1815 de
235 1740 374 1820 serrorum
387 1739 562 1829 subjectione,
577 1765 604 1812 et
619 1753 652 1812 de
665 1769 806 1810 avarorum
820 1751 933 1819 insania,

136 1857 167 1908 et
179 1849 215 1914 de
228 1848 338 1906 diuitum
350 1850 517 1922 arrogantia,
531 1859 558 1925 et
572 1848 605 1906 de
619 1847 709 1904 multis
723 1845 782 1904 aliis
795 1846 872 1902 nobis
885 1844 937 1901 ho-

137 1940 182 1998 die
194 1941 331 2001 disseruit.
344 1941 412 2024 llum¹
432 1942 513 2027 iqitur
530 1940 619 1998 onmia
635 1955 790 2016 percurrere
811 1954 863 1995 non
877 1953 940 2015 pos·

138 2033 235 2112 simus,
249 2032 312 2111 quid
327 2034 407 2088 vultis
419 2049 435 2088 e
448 2022 665 2092 commemoratis
678 2041 857 2106 proponentes
870 2031 938 2088 eari-

136 2127 186 2204 tati
201 2133 297 2197 vestrae
318 2126 459 2187 dicamus?
474 2126 553 2186 lelut
573 2128 643 2187 enim
664 2128 690 2183 iu
705 2135 779 2201 prato
801 2125 900 2182 multos
912 2133 939 2184 ct

137 2219 227 2277 varios
248 2217 328 2290 video
351 2219 473 2296 lectionis
495 2219 574 2295 hopes
597 2228 624 2278 et
647 2217 763 2303 amplum
787 2220 937 2288 rosarium,

140 2308 238 2388 multas
251 2324 317 2368 vero
331 2311 425 2388 uiolas,
441 2327 491 2376 nec
504 2311 627 2386 pauciora
650 2296 723 2380 lilia;
739 2311 786 2372 sed
800 2321 827 2368 et
836 2314 938 2372 tarisum

139 2401 239 2486 ubique
259 2411 287 2464 et
299 2405 438 2485 cepiosqm
452 2407 561 2480 spiritus
580 2405 695 2492 incretum
715 2407 935 2476 disseminatum,

138 2501 166 2550 et
179 2493 289 2576 mttltatp
303 2494 393 2583 edqns
406 2496 565 2569 suavitatem
580 2515 587 2552 :
604 2499 656 2554 iuro
671 2514 734 2554 sero
754 2513 805 2552 non
822 2505 938 2554 tantum-

138 2584 220 2665 rpodo
234 2593 348 2666 protem,
363 2601 457 2660 rerum
482 2587 620 2664 paradisus
640 2597 680 2645 est
692 2588 840 2645 divinarum
858 2589 938 2645 lectio

137 2660 338 2757 scripturarum
356 2696 430 2736 :nou
454 2679 525 2736 enim
540 2679 710 2752 fragratttiam
727 2683 814 2738 selum
840 2679 937 2738 vindam

137 2766 243 2830 bahent
257 2768 314 2840 ejus
336 2767 424 2838 dores,
440 2771 487 2828 sed
502 2780 528 2827 et
546 2769 660 2828 fructum
673 2815 679 2840 ,
694 2773 739 2859 qui
754 2773 871 2828 animam
886 2791 936 2828 nvt-

138 2860 206 2934 urire
228 2862 321 2933 possit.
344 2863 411 2934 Quid
433 2865 513 2935 igitur
528 2864 561 2941 de
582 2863 661 2922 dictis
683 2865 710 2924 itt
726 2863 842 2920 untedium
858 2864 937 2920 vultis

137 2967 249 3032 agamus
262 2953 362 3009 bodie?
382 2955 463 3011 vultis
482 2955 685 3028 quodomnium
707 2955 865 3014 vilissimum
878 2971 938 3013 esso

138 3044 256 3112 videtur,
280 3055 307 3100 et
324 3045 474 3129 quibusque
496 3047 631 3137 intellecpu
653 3047 819 3118 facillimum,
843 3047 895 3105 hoe
910 3049 937 3104 in

138 3138 265 3204 prasenti
278 3132 444 3196 tractemus?
460 3137 522 3197 hlibi
536 3156 631 3215 nempe
641 3141 737 3214 placet,
751 3139 799 3198 sed
812 3149 839 3198 et
849 3139 934 3209 vobis,

137 3225 190 3283 hoc
209 3227 279 3284 hene
301 3229 375 3296 novi,
401 3230 500 3304 pariter
514 3226 637 3307 placebit.
662 3227 730 3302 Quid
749 3247 813 3290 vere
828 3219 935 3291 t'andcm

137 3327 179 3375 est
201 3318 261 3374 aliis
286 3316 412 3376 lucilius?
426 3320 600 3392 quidsautcm
622 3323 692 3404 aliud
713 3333 793 3396 quam
817 3323 887 3396 quod
909 3333 937 3382 et

139 3409 250 3465 cuilibet
271 3409 347 3465 iacile
372 3419 399 3466 et
413 3411 485 3467 dictu
500 3406 794 3484 compendiosum'esse
808 3407 936 3472 vldeturl

138 3499 224 3568 Quale
236 3501 344 3573 quidem
358 3484 451 3559 istudi
467 3487 637 3562 llodico'uino
650 3515 719 3560 utere
728 3515 831 3578 propter
840 3515 936 3561 stomo-

138 3576 215 3670 rlsnm
238 3603 328 3664 teum,
347 3604 371 3649 et
394 3593 494 3651 crebrer
519 3597 678 3670 egritudines
699 3607 764 3653 tuos.
793 3595 840 3653 sta
856 3597 935 3670 igitur

138 3667 246 3778 ornnem
271 3687 420 3746 orationem
458 3687 485 3746 in
522 3687 591 3786 harpe
624 3670 807 3774 impendamus
839 3690 935 3764 dictio-

138 3794 211 3836 nem.

174 3893 318 3968 sensum
329 3910 409 3953 sonsa
420 3896 459 3972 psl
470 3895 581 3976 minime
592 3897 719 3961 sententie
731 3899 846 3976 pretione
866 3908 934 3954 sunt.

138 3985 336 4060 —tlopqqtem
351 3985 464 4068 iacimus
478 4004 531 4068 non
542 3990 798 4066 artrhitionisqratia,
813 3992 935 4064 usquein

991 743 1019 800 in
1031 747 1164 806 cautinum
1177 749 1262 823 ipsam
1276 753 1424 825 iniecerint,
1433 775 1487 820 non
1503 770 1604 822 tantum
1616 767 1675 824 auri
1684 784 1789 828 massas
1811 744 1815 757 ’

991 836 1099 906 tollunt,
1113 839 1160 900 sed
1179 853 1206 898 et
1226 859 1321 916 parvas
1336 846 1486 908 bracteolas
1498 855 1581 912 multa
1605 873 1666 914 cunr
1686 860 1788 918 seduli·

993 937 1046 988 tate
1061 933 1198 1008 eolligunt.
1220 935 1349 1011 Quoniam
1365 941 1444 1014 igitur
1465 954 1493 1001 et
1506 962 1556 1006 nos
1569 965 1665 1010 aurum
1678 969 1712 1012 ex
1723 970 1789 1026 apo·

991 1025 1093 1112 stolicis
1106 1028 1228 1093 haustum
1242 1033 1357 1094 metallis
1376 1039 1558 1114 excoquimus,
1573 1057 1627 1100 non
1650 1044 1677 1102 in
1697 1045 1791 1104 ioma-

991 1131 1050 1172 cem
1074 1118 1221 1192 jacientes,
1250 1125 1298 1182 sed
1323 1126 1351 1184 in
1376 1130 1472 1187 animas
1494 1141 1592 1189 vestras
1614 1136 1791 1207 cogitationes

992 1209 1176 1281 immittentes,
1197 1231 1250 1278 non
1272 1217 1406 1279 hammam
1429 1223 1615 1294 accendentes,
1631 1225 1679 1284 sed
1701 1230 1790 1302 ignem

992 1305 1102 1374 spiritus
1122 1308 1270 1368 excitantes
1280 1329 1289 1382 ;
1305 1329 1399 1386 paruas
1412 1317 1494 1376 etiam
1514 1319 1599 1377 micas
1620 1335 1716 1394 magna
1730 1323 1791 1380 dili·

991 1399 1081 1482 qentia
1105 1401 1271 1484 colligamus.
1296 1405 1372 1466 Licet
1397 1410 1469 1468 enim
1493 1410 1575 1470 breve
1599 1412 1634 1471 sit
1657 1413 1789 1486 verbum,

992 1490 1075 1546 multa
1091 1500 1179 1560 tamen
1194 1505 1236 1554 est
1256 1496 1500 1574 circummuniam
1524 1511 1553 1562 et
1568 1520 1681 1576 semmae
1694 1522 1747 1564 nou
1762 1509 1791 1566 in

992 1585 1113 1666 cprporis
1135 1590 1217 1660 mole,
1239 1592 1287 1653 sed
1313 1594 1341 1652 in
1363 1605 1466 1654 naturas
1488 1597 1687 1670 pulchritudine
1711 1616 1791 1662 suunt

992 1680 1108 1766 pretium
1133 1682 1142 1714 ¹
1164 1681 1273 1750 hahent,
1302 1685 1341 1742 sie
1364 1677 1567 1746 et'diviuarum
1591 1691 1791 1764 scripturarum

992 1769 1082 1836 lectio.
1098 1771 1216 1830 Externa
1226 1777 1324 1848 quippe
1337 1776 1456 1834 doctrina
1468 1781 1565 1838 multas
1576 1783 1682 1854 jactans
1693 1800 1789 1856 nugas,

991 1865 1136 1952 etmultam
1145 1865 1287 1924 infundens
1295 1870 1458 1929 auditoribus
1471 1870 1632 1943 tantitatem,
1641 1889 1689 1932 cos
1698 1875 1792 1951 saeuis

990 1960 1104 2019 remittit
1118 1960 1250 2030 manibus,
1273 1962 1374 2019 nullum
1391 1980 1477 2036 neque
1490 1980 1615 2037 magnum
1630 1980 1717 2038 neque
1729 1982 1792 2037 par·

990 2066 1054 2133 supr
1067 2051 1183 2109 lueratos
1200 2056 1419 2112 emolumentum.
1433 2056 1547 2128 Spiritus
1558 2073 1624 2114 vcro
1637 2058 1722 2130 qratia
1734 2073 1791 2114 non

991 2143 1165 2214 huiusmodi,
1186 2146 1235 2204 scd
1255 2147 1282 2204 in
1301 2147 1464 2204 contrarium
1486 2149 1597 2204 omnino
1618 2165 1666 2222 per
1685 2148 1791 2217 modica

991 2235 1074 2308 verba
1087 2235 1211 2300 cornibus
1221 2236 1422 2294 advertentibus
1435 2237 1632 2310 philosophiam
1646 2239 1724 2296 aliert
1740 2258 1746 2295 z
1761 2251 1790 2317 et

991 2329 1082 2404 nuultis
1099 2343 1172 2400 supe
1186 2330 1296 2386 verinum
1310 2348 1390 2386 unum
1406 2331 1504 2388 suflicit
1516 2333 1578 2389 hine
1600 2333 1788 2406 excerpsisse,

991 2433 1019 2481 ut
1034 2425 1116 2482 totius
1135 2425 1196 2482 vitre
1211 2426 1334 2482 uiaticum
1348 2426 1473 2485 habeant.

1026 2518 1053 2575 2.
1076 2517 1208 2588 Quoniam
1231 2519 1312 2590 igitur
1333 2528 1406 2576 tauta
1430 2519 1507 2578 adest
1529 2521 1615 2594 copia,
1641 2535 1691 2576 uos
1717 2521 1789 2592 ipsos

991 2610 1148 2676 excitemus,
1165 2620 1193 2666 et
1208 2610 1279 2682 vigili
1291 2621 1382 2668 mente
1394 2627 1454 2682 quae
1466 2610 1590 2667 dicuntur
1602 2609 1787 2685 suscipiamus:

991 2697 1023 2754 ad
1038 2715 1161 2770 magnam
1176 2699 1248 2756 enim
1261 2699 1467 2772 profunditatem
1482 2716 1634 2758 sermonem
1647 2701 1789 2757 demittere

991 2806 1066 2868 paro.
1089 2791 1179 2850 hlultis
1192 2792 1263 2850 enirn
1276 2795 1357 2850 etiam
1379 2793 1510 2864 superflua
1526 2802 1554 2849 et
1566 2793 1789 2866 superabundans

991 2897 1051 2956 esse
1070 2881 1128 2938 haec
1144 2884 1291 2942 admonitio
1303 2885 1499 2956 quodammodo
1511 2884 1625 2952 videtur,
1640 2886 1711 2958 iique
1724 2885 1789 2942 talia

990 2975 1083 3034 dicunt
1096 2975 1177 3033 uerba
1194 2975 1269 3032 :Non
1295 2991 1343 3050 per
1365 2978 1483 3048 seipsum
1505 2985 1611 3048 poterat
1630 2975 1788 3032 Timotheus

990 3069 1137 3142 conjicere,
1153 3087 1204 3142 qua
1219 3086 1249 3128 re
1259 3072 1296 3126 uti
1307 3079 1444 3144 oporteret
1452 3073 1474 3139 ¹,
1488 3086 1582 3126 rerunt
1596 3059 1788 3142 apraeceptore

989 3162 1093 3222 discere
1112 3164 1305 3242 exspectabat?
1319 3165 1387 3233 Quid
1400 3164 1471 3238 quod
1494 3175 1644 3236 preceptor
1657 3178 1709 3220 non
1726 3171 1788 3218 tan·

990 3266 1047 3315 tutu
1056 3257 1261 3332 imperavissed
1275 3266 1304 3314 et
1317 3257 1411 3314 litteris
1424 3258 1546 3326 inscruit,
1560 3268 1694 3330 tamquam
1708 3273 1788 3315 aerea

989 3351 1131 3418 columnae,
1148 3351 1217 3408 date
1237 3350 1271 3409 ad
1295 3350 1384 3422 ipsum
1407 3351 1526 3425 epistolae
1546 3351 1720 3423 insculpensr
1735 3365 1788 3408 nec

990 3443 1096 3502 eruhuit
1109 3442 1261 3513 hujusmodi
1272 3457 1317 3500 res
1329 3444 1469 3515 scripturae
1481 3443 1609 3516 mandare
1621 3452 1650 3502 et
1662 3441 1696 3500 ad
1711 3443 1789 3502 disci·

989 3535 1082 3613 pulum
1094 3534 1199 3608 publice
1211 3534 1337 3610 legendas
1347 3535 1470 3594 mitteret
1481 3535 1515 3596 Ut
1527 3533 1705 3608 iqiturdiscas
1714 3533 1788 3608 quod

989 3645 1045 3686 non
1065 3638 1167 3686 tautum
1182 3645 1236 3688 uon
1248 3629 1380 3693 inundet
1393 3630 1549 3700 admonitio,
1571 3629 1620 3688 sed
1634 3629 1788 3688 necessaria

988 3730 1016 3782 et
1028 3723 1171 3780 utilissima
1181 3723 1215 3778 sit
1226 3740 1234 3792 ;
1246 3731 1273 3780 et
1285 3708 1339 3780 non
1352 3739 1368 3780 a
1380 3723 1474 3791 Paulo,
1488 3723 1534 3780 sed
1548 3738 1565 3781 a
1577 3721 1692 3796 Spiritus
1701 3722 1788 3793 qratia

988 3814 1088 3875 iactum
1109 3815 1155 3884 sit,
1165 3825 1193 3874 ut
1205 3816 1257 3875 boc
1269 3832 1323 3874 non
1332 3815 1414 3874 modo
1422 3817 1566 3884 diceretur,
1577 3816 1625 3874 sed
1637 3817 1716 3874 etiam
1727 3814 1786 3870 lite-

989 3911 1027 3971 tis
1042 3911 1192 3969 traderetur
1206 3920 1233 3968 et
1243 3910 1278 3968 ad
1294 3927 1388 3970 omnes
1402 3921 1525 3984 posteros
1540 3926 1588 3982 per
1602 3907 1670 3964 haue
1683 3906 1787 3980 episto·

989 4002 1042 4060 lam
1054 4003 1209 4064 deveniret:
1219 4004 1252 4060 ad
1266 4004 1352 4074 ipsam
1365 4019 1427 4060 mox
1439 4003 1622 4074 probationem
1635 4000 1785 4058 veniemus.

137 4075 254 4148 iissifldll
265 4075 399 4153 siclllilis
419 4082 624 4170 ostentationem
639 4083 766 4168 03¹¹less
780 4085 935 4144 ⁵²Ud0¹¹¹0⁸²
988 4097 1030 4160 ed
1046 4098 1104 4154 bec
1121 4098 1193 4154 enim
1208 4097 1242 4154 de
1253 4095 1305 4152 alia
1324 4111 1475 4169 quoquere
1496 4110 1549 4154 nen
1563 4095 1653 4155 minus
1665 4093 1789 4153 dubitant

139 4184 194 4224 non
207 4170 280 4226 enirn
292 4187 352 4242 qoae
369 4170 593 4257 dicunturnostqq
605 4183 676 4255 sept,
690 4175 738 4243 sed
751 4191 811 4248 que
823 4177 937 4248 Spiritus
989 4190 1098 4262 quiqam
1120 4190 1190 4246 torm
1213 4204 1244 4246 se
1267 4198 1429 4262 quaerentes,
1444 4204 1496 4265 qua
1516 4189 1643 4246 domasa
1664 4188 1788 4259 permisit

137 4261 451 4346 pateruavpptszspe
467 4273 495 4344 vt
512 4266 648 4348 auditores
661 4267 703 4341 vd
717 4268 938 4340 serviensem·
989 4279 1062 4341 nem
1077 4281 1162 4338 isram
1183 4279 1438 4341 pensaurensem
1452 4281 1712 4354 petenensem
1725 4295 1788 4338 ossa

139 4365 239 4428 teum
262 4366 291 4423 tl
313 4366 428 4432 (ilifflul
451 4359 486 4430 ⁸¹!
507 4354 704 4439 Sisiilliiium
730 4359 886 4432 thmauras,
910 4369 938 4429 ti
988 4382 1016 4430 et
1036 4375 1157 4446 reliquie
1168 4374 1305 4434 demones
1327 4375 1505 4446 expellerent,
1522 4376 1549 4434 in
1563 4383 1663 4435 taneta
1677 4374 1788 4450 aeqritu·

137 4449 211 4520 evod
223 4464 311 4522 nesus
326 4451 439 4532 litesve
453 4451 587 4534 sitneque.
609 4462 695 4530 rotun
716 4468 763 4536 eq
777 4464 936 4538 precemur·
989 4467 1227 4534 praemiacum.
1252 4469 1312 4529 uon
1338 4470 1410 4529 enin
1435 4468 1715 4542 saviniensem,
1737 4468 1788 4526 sco

139 4555 210 4609 rere,
226 4541 447 4612 miseremus.
463 4543 492 4604 Si
504 4545 679 4626 volusenus
692 4544 749 4626 hes
763 4554 790 4613 et
810 4561 938 4620 conpen-
989 4563 1131 4632 noeane,
1144 4563 1192 4622 see
1206 4563 1319 4623 attente
1331 4571 1361 4622 et
1380 4563 1488 4634 imino
1510 4560 1721 4628 neoresium,
1735 4576 1788 4623 ree

139 4635 216 4702 diosa
230 4635 324 4704 dictio,
337 4646 364 4697 et
375 4653 435 4712 quae
456 4637 523 4708 pihii
537 4639 717 4709 necessariam
730 4639 937 4721 multisbabere
989 4657 1129 4719 minimum
1136 4655 1244 4726 quidem
1253 4656 1339 4727 iprum
1349 4654 1483 4726 respirare
1491 4653 1698 4728 ioduqeoubus.
1709 4651 1788 4714 Unde

138 4727 257 4801 'mellis
281 4729 425 4804 militium,
445 4745 553 4806 cautem
577 4730 731 4810 pipinianus}
752 4739 779 4790 θῑ
800 4731 937 4793 ³¹¹i⁸⁸5¹¹¹ffi
989 4747 1041 4814 hee
1063 4747 1307 4811 maniiestnmiiix
1327 4748 1392 4820 ipsis
1412 4746 1487 4806 Pauli
1511 4745 1610 4813 serbe.
1632 4744 1692 4802 lion
1714 4746 1789 4802 enim

139 4819 316 4892 patrosopbtae
338 4821 493 4892 nestram
517 4821 595 4898 psus
611 4823 731 4901 erebra
755 4822 811 4902 vna
833 4822 936 4904 luetis
989 4842 1078 4905 urrist
1093 4842 1206 4914 none
1217 4840 1596 4916 mirsvttnmaoamapse
1606 4841 1787 4914 mansae.-

140 5008 265 5078 ‘wim’
286 5007 398 5078 mim*
421 5009 553 5080 ΜΨ
581 4994 822 5088 ‘limi‘iliilillffl
843 5009 938 5085 ῑῐῦΡΙθ·
989 5029 1217 5086 continuationem
1239 5027 1394 5100 sispitem
1415 5026 1531 5094 dtmhst,
1553 5025 1710 5098 Frequenter
1728 5031 1786 5079 eos

140 5098 216 5156 ΜΝ·
241 5097 325 5172 '⁸⁵⁸⁰‘
345 5101 468 5176 ‘mini‘
482 5102 608 5191 quaidfflt
632 5119 691 5176 (Μ’
712 5111 805 5163 “⁰⁰⁰⁸
818 5117 939 5176 melu·
989 5122 1161 5192 nemeen
1184 5121 1301 5178 audiant
1322 5121 1369 5193 qui
1390 5120 1517 5178 diuturuo
1536 5118 1627 5178 traditi
1640 5115 1786 5188 hnssuori,

141 5199 240 5258 ¹²¹¹¹⁰¹·
251 5191 451 5272 &iiilllilffim
461 5195 859 5272 ‘inlimifflli'li‘el‘umfflffi‘
871 5193 937 5263 Νη
990 5232 1062 5289 ²810
1081 5218 1172 5276 lerunt
1188 5224 1216 5276 et
1229 5215 1319 5275 anime
1331 5214 1486 5280 maedam.
1506 5214 1566 5275 lion
1584 5213 1671 5269 solum
1693 5217 1785 5266 xutern

140 5283 418 5360 stintadeStltiltt
436 5289 521 5360 titiis
534 5298 597 5364 sept
611 5309 617 5350 a
632 5288 938 5381 Spiritustutemqratiq
990 5309 1043 5368 Μ
1064 5317 1109 5370 m
1128 5309 1200 5382 quod
1223 5309 1364 5381 mrim,
1389 5309 1461 5380 quod
1480 5322 1542 5367 eum
1563 5311 1636 5363 m,
1658 5311 1785 5371 mm.

990 5401 1146 5474 ³³er
1170 5410 1198 5462 et
1223 5403 1263 5461 sie
1286 5401 1440 5474 trequentes
1464 5395 1618 5470 emunim
1633 5393 1682 5452 sed
1703 5396 1787 5455 etiam

141 5487 209 5538 Μ
222 5489 345 5547 ”¹³⁸⁸ae
355 5483 453 5539 mm
471 5486 546 5544 ”M
562 5485 663 5546 “imm
678 5487 732 5541 ⁸³⁰⁰
744 5486 892 5560 discriptae.
905 5494 938 5560 ld
990 5494 1178 5568 seedpnbliea
1188 5495 1397 5567 muodinesotia
1409 5486 1785 5564 ipsierantcredita.sienim

140 5542 939 5674 llfflalllllaiildillhlllill‘'iilllffldlllllill
991 5603 1062 5648 unus
1075 5588 1278 5657 eettttnvn,
1292 5575 1338 5661 qis
1352 5587 1380 5645 n
1394 5581 1653 5648 moavsvnvnttee
1664 5593 1785 5639 ecesse»

141 5670 391 5785 gigtffgipergpdsd
401 5672 939 5748 opqqpsvpsmsnpnqneeeoete·
989 5688 1065 5748 amnt,
1086 5679 1156 5740 esta
1179 5679 1324 5745 mttsoetns
1345 5676 1456 5744 edvin
1475 5681 1677 5748 numerant
1703 5679 1731 5730 et
1750 5670 1786 5733 at

371 5741 425 5794 vcta,
440 5741 562 5800 etiamque
574 5729 813 5806 apostolica,qvnaab
825 5733 939 5800 apostolas
1023 5795 1032 5828 ί
1050 5793 1094 5846 ΑΜ
1106 5808 1113 5845 ἱ
1125 5794 1264 5846 mma
1275 5793 1357 5849 mm·

141 5791 250 5844 madan.
262 5793 390 5860 videque
401 5795 446 5849 bac
460 5795 494 5848 de
511 5807 540 5850 re
557 5797 662 5850 diximus
680 5797 705 5849 tn
720 5799 780 5850 ttdit.
803 5797 935 5860 nthtmstt,
1491 5853 1497 5866 ‚
1568 5849 1575 5864 ,

141 5858 239 5918 para.
1024 5851 1683 5930 *nurznmnserqcmpcpremoursnstmw
