4142 6342
196 354 252 427 ιιι
459 403 462 408 .
607 351 651 410 iii:
668 350 698 410 S.
714 348 860 419 leitilai.
878 282 1016 407 eduini
1034 346 1205 407 titillabit
1225 348 1269 409 ui
1288 348 1466 411 canillas.
1785 331 1840 389 53⁰

194 480 255 531 erat
268 466 393 541 disequii
408 470 491 538 salus,
509 483 589 540 quam
605 465 720 523 carceris
738 478 860 531 mci-cem
873 462 990 535 optatius
1049 463 1127 535 lange
1148 466 1314 535 gratior-ibus
1335 468 1450 525 tincnlis
1470 470 1631 525 constrictus
1652 478 1724 539 cmi,
1738 470 1841 528 catenis

196 566 272 633 item,
286 572 317 621 ut
330 561 478 635 discipulus
492 561 652 631 resipiscens
665 560 707 615 bis
723 574 784 615 euin
801 558 923 613 laudibus
938 556 992 629 pri·
1046 564 1217 627 peccatorum
1230 558 1343 615 riticius.
1356 558 1429 615 Catii
1453 560 1587 632 proximus
1610 562 1651 617 tir
1673 561 1765 621 beatos
1777 578 1840 621 cunt

195 664 303 723 rassci;
316 656 371 712 into
385 654 484 725 potius,
499 662 529 709 ut
543 658 653 723 prorsus
666 651 692 706 in
707 650 776 706 itanc
789 650 991 721 perversitatem
1045 647 1119 703 icrro
1128 662 1226 719 corpus
1240 664 1318 707 suunt
1332 650 1439 721 sepeliri
1452 652 1597 721 mandarit,
1612 653 1763 723 dacenses,
1780 671 1841 727 qnae

196 749 289 821 lapsus
313 762 366 804 non
390 754 472 803 essct.
492 744 591 801 Nolunt
609 743 681 801 cnirn
702 742 786 799 sancti
806 755 920 798 caranus
939 740 991 799 sibi
1048 738 1221 809 ignutniuiosa
1234 740 1374 811 ridentur,
1388 758 1449 799 cunr
1471 754 1581 817 propter
1599 744 1733 803 Citristutn
1757 748 1839 815 iutra,

195 842 311 899 necties
324 840 420 897 adenis
431 838 628 895 calamitatibus
643 855 650 892 :
667 835 773 908 quodsi
786 835 991 892 abalienisno-
1048 828 1195 887 ltottnriilea
1215 840 1244 889 ct
1269 832 1407 905 splendida
1423 848 1502 903 esse,
1518 838 1716 911 patientemque
1742 840 1842 897 nedum

195 928 773 999 tint,multesaneminusadomesticorum
784 927 922 1009 arumnis.
935 925 992 996 Qua
1046 920 1186 993 pudorem,
1199 921 1387 997 ltincgloriam
1401 928 1623 1002 reportaretbtc
1638 928 1703 989 item
1721 930 1843 1003 inparia
1912 966 1914 973 ·

196 1025 232 1081 ιι
242 1039 323 1082 causa
333 1022 429 1081 beatus
443 1021 525 1079 liarid
538 1031 598 1095 post
612 1032 711 1095 tropcca
727 1028 755 1079 et
769 1018 907 1077 uictoriam
921 1019 993 1094 luge·
1045 1012 1154 1071 beatum
1172 1012 1284 1072 pillum
1301 1014 1430 1085 imitabili.
1441 1020 1487 1090 illl
1502 1017 1571 1077 tillio
1578 1019 1841 1095 damascianam,

195 1117 243 1175 bai
252 1126 279 1175 ct
288 1115 496 1190 lacrymabatur,
506 1115 578 1189 qued
589 1131 621 1173 ea
631 1131 693 1172 eum
703 1113 750 1171 iiiii
762 1113 915 1173 celsiniensi
925 1128 993 1173 ιιι.
1045 1103 1176 1176 vincula,
1198 1115 1322 1165 catenam
1337 1107 1480 1181 terrebat,
1494 1108 1685 1183 gloriabundus
1705 1114 1843 1188 altumque

196 1212 288 1283 iuncta
302 1219 380 1281 'esset
394 1229 403 1267 a
418 1212 482 1283 qnin
495 1221 523 1269 et
536 1210 696 1268 exeuntibus
713 1208 826 1268 ducibus
843 1209 928 1267 ntulir
942 1224 993 1283 pra
1044 1198 1152 1272 ”ilem
1166 1199 1194 1258 ¹¹¹
1212 1200 1255 1272 ¹3⁵·
1268 1216 1383 1275 (limium
1395 1202 1463 1263 ³¹5OE
1477 1202 1598 1277 iuditii·
1615 1205 1691 1279 0⁰⁰⁶
1708 1218 1797 1268 illim
1810 1226 1843 1268 l·

200 1304 304 1378 tyranni
314 1304 400 1365 salute
412 1304 594 1378 praecipiebat,
604 1313 632 1361 et
644 1318 702 1374 cue,
713 1304 758 1375 qui
769 1302 857 1374 ipsum
868 1303 993 1363 occidere
1044 1292 1097 1353 iios
1111 1295 1243 1369 puderet,
1271 1296 1359 1372 palam
1385 1297 1463 1358 nobis
1483 1298 1545 1357 lecit
1564 1314 1596 1358 ca
1609 1300 1775 1373 delensione,
1789 1320 1843 1377 qne

198 1396 360 1469 eupiunt,
374 1396 416 1455 nis
430 1396 671 1455 rerntseonnttn
687 1413 694 1452 ι
709 1396 814 1453 enuit
826 1396 994 1470 morter·
1045 1386 1274 1465 tpuuagrtpptm
1288 1405 1353 1451 utus
1372 1400 1423 1451 en.
1447 1390 1496 1450 ¹¹¹⁰
1515 1407 1632 1467 arante
1654 1394 1784 1466 licente.
1806 1397 1843 1455 li

72 1496 76 1501 ’
196 1488 280 1545 orient
301 1486 340 1562 (ι.
356 1488 423 1562 lleg.
438 1488 482 1546 ii.
495 1487 524 1563 iii
537 1503 546 1545 ι
559 1488 887 1563 etprcatraiumlugcbat,
900 1488 992 1549 ininti·
1046 1483 1147 1541 modico
1171 1485 1263 1543 modia
1284 1503 1325 1543 itte
1338 1485 1512 1547 Girirtionnnt
1530 1490 1609 1561 fieri,
1635 1490 1733 1548 Paulus
1753 1490 1841 1561 dixit,

196 1592 313 1651 cumque
331 1594 393 1637 cum
411 1578 555 1653 gemitibus
572 1589 600 1636 et
613 1580 712 1639 amaris
729 1579 856 1653 lacrymis
869 1581 991 1655 cumpel-
1047 1573 1115 1647 Opto
1125 1576 1196 1649 opud
1205 1576 1324 1651 Drunter
1335 1579 1470 1639 inmodico
1482 1592 1506 1640 et
1517 1583 1546 1639 in
1559 1599 1663 1657 magno,
1680 1599 1731 1639 non
1742 1590 1842 1639 iutriunt

196 1668 280 1728 hpgg
890 1748 893 1751 ἢ
1046 1676 1079 1737 ιι,
1094 1670 1141 1725 red
1162 1670 1237 1727 eiiam
1249 1689 1297 1735 eor
1320 1673 1363 1745 qni
1379 1674 1473 1732 odiunt
1487 1692 1573 1733 ornnes
1597 1678 1654 1749 lieri
1673 1676 1840 1748 Citririimtor,

220 1759 576 1837 Poierrpr'riittoiirortonir'er
582 1762 749 1836 proiir,qttam
758 1763 992 1835 cumin-Quod
1045 1762 1155 1834 receptis
1174 1764 1281 1821 alticulis
1291 1764 1331 1820 itit
1341 1766 1351 1840 (
1361 1766 1418 1823 ilci.
1434 1766 1479 1825 ai.
1494 1766 1540 1825 ti.
1555 1768 1621 1841 bip
1641 1769 1712 1841 quud
1726 1786 1779 1828 rien
1790 1769 1841 1828 ad-

196 1851 364 1909 sinaturalis
376 1862 454 1926 pater
465 1852 502 1909 ita
520 1853 604 1927 prolis
617 1867 711 1911 amans
726 1864 787 1924 ιιι,
809 1854 894 1912 multo
907 1855 993 1928 magia
1044 1852 1166 1925 iecisset,
1191 1856 1242 1911 nisi
1262 1855 1289 1913 id
1307 1858 1514 1930 ignominiosum
1535 1861 1626 1919 uiuitis
1638 1860 1724 1919 risum
1737 1862 1841 1921 luisset.

196 1945 343 2016 spiritualis
359 1944 452 2017 :quod
471 1946 543 2003 'enim
562 1946 712 2005 secundnm
724 1946 849 2021 spiritum
866 1955 993 2019 parentes
1051 1944 1145 2002 Sancti
1160 1948 1233 2004 eninr
1247 1947 1390 2005 bominum
1415 1960 1555 2021 amantes,
1570 1966 1702 2009 aruutnas
1722 1968 1772 2025 pro
1794 1954 1844 2011 illo

196 2036 301 2109 prolem
311 2038 395 2112 magis
407 2045 511 2108 curent,
523 2053 604 2111 quarn
616 2038 635 2095 ii
646 2038 850 2112 quiescundum
863 2051 988 2109 carnem,
1045 2049 1142 2109 magna
1156 2051 1217 2093 cum
1230 2036 1369 2097 alacritate
1389 2040 1595 2112 suscipiebant,
1612 2057 1659 2112 per
1671 2058 1739 2115 quas
1760 2045 1842 2101 etiam

197 2130 261 2188 audi
271 2130 380 2188 Paulum
391 2130 536 2201 dicentem,
551 2132 614 2198 Ωιι
626 2132 781 2203 infirmatur,
794 2140 818 2188 et
830 2148 877 2205 epo
889 2148 942 2187 non
950 2130 993 2187 in·
1044 2128 1162 2186 inderet
1181 2130 1341 2189 evadebant.
1369 2131 1447 2190 Unde
1461 2133 1505 2189 liic
1527 2135 1635 2206 quidcnt
1664 2137 1718 2201 ult.
1735 2134 1842 2193 Gaudeo

197 2224 370 2297 protorlqrir
382 2224 582 2292 scandalizatur,
597 2233 680 2297 elego
693 2240 745 2281 nort
758 2222 871 2297 ororii.
883 2224 990 2281 Cocli.
1044 2220 1072 2277 in
1088 2222 1262 2295 afflictionibus
1279 2226 1341 2282 nteit
1354 2224 1365 2297 i
1379 2224 1434 2281 Coi.
1449 2226 1475 2283 l.
1490 2225 1526 2283 it
1537 2226 1564 2299 i:
1578 2226 1664 2283 Lucas
1675 2242 1740 2284 tero
1752 2227 1786 2285 de
1798 2242 1843 2285 re·

196 2316 331 2390 biiiiSed
351 2317 403 2374 ltnc
421 2317 528 2391 quidem
549 2318 729 2390 equalitatem
745 2318 824 2376 nobis
841 2333 992 2391 repraesen·
1044 2316 1117 2388 liquo
1157 2319 1338 2391 apestolorum
1376 2327 1448 2379 cmtn
1480 2318 1573 2377 eadem
1604 2320 1662 2392 ipsa
1694 2320 1843 2393 loquitur:

197 2416 258 2466 tata
273 2409 346 2483 atqtd
361 2410 404 2466 tir
417 2418 508 2482 patres
521 2408 590 2467 banc
602 2425 696 2468 rocem
713 2410 852 2478 emittant,
867 2410 916 2468 sed
927 2425 993 2469 ecn-
1045 2424 1106 2467 aaut
1120 2420 1180 2481 post
1191 2412 1275 2469 multa
1288 2411 1390 2485 llagella
1399 2412 1674 2485 recedebant‚inquii‚
1684 2415 1841 2486 gaudentes.

196 2503 308 2561 cedatur
329 2510 419 2563 tamen
445 2518 564 2575 eousque
585 2503 646 2561 illos
668 2503 798 2561 accedere
819 2520 827 2558 ι
845 2502 901 2575 iarn
920 2502 993 2575 quod
1045 2505 1172 2577 quoniam
1186 2503 1260 2577 digni
1274 2505 1357 2563 babiti
1370 2514 1462 2565 essent
1474 2520 1523 2577 pro
1536 2506 1760 2563 nominecbristt
1774 2522 1841 2565 con·

196 2596 285 2668 majus
297 2604 339 2654 ιιι
349 2596 478 2655 exbibete
486 2592 528 2653 est
539 2612 618 2668 opus.
631 2594 773 2653 llndcnam
787 2594 992 2653 exhibebimus?
1045 2600 1181 2657 tumeliam
1195 2600 1250 2672 pati
1264 2599 1274 2673 (
1291 2600 1348 2655 let.
1362 2599 1389 2657 Β.
1404 2600 1437 2656 ιι
1454 2599 1477 2671 ).
1491 2598 1530 2655 Νι
1544 2598 1605 2671 quis
1622 2614 1687 2671 erga
1699 2599 1842 2671 gentilium

197 2686 239 2745 Ea
253 2688 318 2761 ipsis
331 2689 430 2747 iterum
441 2688 600 2759 uisceribns,
615 2696 697 2761 atque
709 2705 742 2747 ιι
756 2687 916 2762 legislatoris
928 2703 993 2747 rer·
1045 2702 1162 2763 putaret,
1173 2694 1321 2751 certamina
1335 2708 1384 2766 per
1393 2694 1447 2751 uim
1458 2708 1490 2751 ac
1501 2694 1686 2751 necessitatem
1697 2694 1840 2765 committi,

197 2781 382 2842 bis.lilerero
395 2783 458 2857 quid
471 2781 558 2841 dicitl
570 2781 602 2840 si
614 2782 729 2839 renuiter
744 2782 782 2840 rie
795 2792 936 2853 peccarant,
948 2797 992 2837 re·
1045 2788 1104 2858 ipsa
1125 2786 1302 2844 certaminum
1328 2786 1450 2861 sprnbola
1467 2800 1528 2843 cum
1548 2800 1661 2859 corpere
1674 2800 1723 2843 ιιι
1734 2786 1842 2859 sepeliri

197 2878 287 2957 oritrm·
308 2878 349 2935 ιιι
374 2876 551 2958 nense-ieie
572 2893 613 2933 nte
634 2877 667 2935 de
685 2877 750 2935 iiiro
773 2894 847 2953 quern
869 2876 995 2950 ιιιὶιιιιιι
1044 2878 1135 2951 jussit,
1151 2879 1343 2938 ostendentes
1361 2878 1412 2936 sibi
1425 2877 1569 2936 admodum
1588 2888 1663 2951 grata
1678 2876 1842 2937 etamabilitt

198 2968 297 3042 (droti
311 2969 357 3028 ιι.
367 2972 412 3028 tii.
425 2970 483 3045 ei).
498 2970 594 3028 Nullus
608 2986 673 3029 tero
688 2978 774 3043 pater,
788 2972 832 3029 cui
844 2970 993 3029 innumeris
1046 2984 1118 3041 esse,
1132 2970 1204 3042 quod
1228 2980 1301 3028 totus
1315 2970 1446 3043 penderet
1462 2983 1477 3026 a
1502 2971 1613 3028 cmitatc
1626 2968 1736 3027 Christi.
1753 2970 1788 3026 lit
1801 2970 1843 3042 ja·

199 3060 251 3119 lrui
264 3063 342 3120 bunis
355 3063 471 3121 liberum
484 3063 536 3130 sit,
552 3076 613 3119 carn
626 3062 717 3119 liberis
731 3062 890 3135 supplicium
902 3061 994 3121 subire
1045 3073 1110 3123 cent
1131 3065 1213 3123 eiiam
1233 3078 1304 3124 nunc
1315 3080 1376 3123 cum
1400 3065 1536 3123 cineribus
1554 3063 1718 3137 compedes,
1742 3073 1771 3120 ui
1785 3080 1843 3121 nto·
1955 3083 1958 3091 ·

198 3154 314 3235 reinerii
327 3174 335 3213 a
348 3155 487 3228 apostolus
499 3171 582 3225 vcro,
595 3164 688 3228 utpote
708 3156 735 3213 ln
749 3156 835 3229 gratia
851 3164 992 3225 versatus.
1047 3166 1128 3215 deant
1141 3172 1236 3215 omnes
1262 3156 1445 3215 Ecclesiarum
1472 3156 1613 3230 praelectus
1627 3198 1635 3224 ,
1650 3156 1700 3213 cisi
1713 3155 1818 3211 tittenia
1832 3198 1841 3225 ‚

198 3256 339 3321 paternum
349 3249 503 3322 huiuamodi
513 3248 648 3315 allecium,
661 3258 771 3322 prepter
779 3248 926 3317 Christum,
937 3266 995 3307 ma·
1046 3249 1148 3308 wdetun
1162 3258 1190 3307 et
1208 3250 1337 3322 quaelibet
1350 3249 1401 3305 alia
1414 3248 1469 3321 pati
1481 3254 1626 3320 oporteat,
1642 3248 1731 3304 omnia
1746 3246 1843 3303 alacri·

198 3338 412 3427 inremeabibet.
425 3340 484 3399 lieu
499 3341 571 3403 enirn
584 3355 645 3398 cunt
655 3341 721 3414 ipsis
733 3356 827 3415 peenas
840 3342 906 3400 dare
920 3344 994 3402 tolc-
1047 3351 1090 3399 ter
1101 3357 1133 3399 ac
1146 3356 1207 3400 cum
1221 3342 1360 3413 uoluptate
1378 3341 1462 3398 multa
1486 3340 1640 3397 sustinenda
1659 3355 1719 3397 esso
1734 3382 1741 3406 ,
1763 3340 1799 3395 ita
1814 3347 1843 3395 ιι

105 3470 109 3473 -
198 3433 246 3494 liat
256 3445 286 3493 ut
297 3435 358 3504 illc;
373 3436 422 3495 ιιι
434 3443 463 3495 ιι
475 3435 646 3493 aliisalutcm
660 3436 789 3507 consequi
802 3444 923 3508 possent,
936 3437 996 3510 ipse
1048 3436 1231 3495 concreditam
1252 3436 1330 3494 nobis
1344 3435 1496 3493 libertatem
1518 3450 1553 3491 ne
1577 3434 1717 3490 minimum
1732 3433 1841 3506 quidem

199 3530 254 3588 sibi
272 3530 421 3602 perniciem
434 3529 593 3602 precabatur
610 3529 652 3585 liis
665 3528 775 3605 turbis:
791 3529 918 3603 ilptuianr
928 3546 995 3587 ono·
1048 3528 1193 3601 prodamus
1205 3535 1250 3586 aut
1264 3527 1467 3585 dedecoremus.
1479 3526 1513 3583 Et
1524 3524 1631 3598 quidem
1642 3525 1735 3583 ilierir
1749 3526 1843 3583 beatus

201 3626 287 3680 meme
299 3639 353 3681 erre
371 3640 388 3678 o
403 3622 503 3680 citrino
514 3639 561 3695 pro
571 3622 693 3696 iratribus
708 3621 788 3704 ιιιιι,
803 3625 918 3696 cognatis
933 3624 996 3680 tneir
1048 3622 1085 3679 ita
1094 3620 1234 3693 splendide
1245 3619 1328 3679 vitain
1341 3619 1446 3677 clausit.
1464 3618 1544 3676 Putat
1565 3617 1634 3675 loric
1650 3618 1780 3690 quispiam
1793 3634 1844 3676 nos

201 3717 341 3775 mundant
360 3734 461 3774 earnem
475 3716 564 3792 (llottt.
585 3716 612 3773 il.
630 3714 668 3788 5).
691 3714 775 3773 Tanta
791 3716 994 3786 misericordia,
1049 3713 1092 3769 ltis
1106 3712 1202 3787 orandi
1220 3712 1300 3769 linem
1321 3712 1440 3769 iacturas
1453 3726 1525 3778 csse,
1539 3724 1599 3766 cunt
1613 3720 1674 3781 past
1687 3710 1748 3765 titn
1761 3710 1844 3765 linem

201 3819 292 3869 tantm
311 3810 424 3869 allectus
442 3824 526 3883 peaes
542 3818 651 3867 sancies
668 3818 719 3866 est.
739 3806 828 3878 Quare
847 3819 874 3866 et
888 3791 1007 3883 Babyiae'
1049 3804 1120 3861 nulla
1132 3803 1168 3861 sit
1183 3803 1397 3874 reliquarirtutis
1410 3816 1576 3873 operumque
1589 3800 1847 3871 accesimquemad-
1889 3859 1892 3871 ,

201 3905 304 3962 viscera
316 3906 402 3979 magis
412 3904 651 3973 excruciabantur,
665 3903 737 3977 quod
751 3904 922 3975 imperatoris
936 3904 996 3961 exi·
1049 3894 1158 3952 modun
1172 3908 1222 3951 ιιι
1235 3892 1344 3952 athletis
1364 3900 1460 3951 exacto
1473 3892 1650 3950 certaminum
1667 3900 1845 3963 temporem·

201 3996 267 4054 tium
281 3996 350 4054 ultra
361 4012 468 4072 semper
479 3996 580 4054 intendi
592 4004 724 4053 cerneret.
737 3994 830 4067 Neque
838 3995 910 4053 enim
927 4003 997 4052 inm.
1032 4001 1131 4047 ,ranas
1144 3996 1252 4043 nectere
1267 3985 1338 4042 licei.
1360 3984 1457 4041 Verum
1487 3982 1514 4040 id
1527 3982 1641 4055 gentiles
1663 3981 1769 4055 quidem
1789 3998 1844 4041 nan

201 4089 239 4162 pli
250 4091 338 4148 selum
350 4104 431 4148 causa
442 4089 538 4147 dolens
551 4089 610 4146 bac
621 4087 731 4160 agebat;
747 4086 794 4144 ιιι
808 4086 889 4143 etiarn
900 4072 1007 4143 allectu'
1050 4077 1100 4135 abs
1111 4092 1141 4135 re
1157 4076 1336 4143 arbitrantur,
1349 4072 1412 4147 quia
1433 4087 1509 4145 spem
1524 4088 1600 4130 suern
1624 4072 1661 4129 illi
1684 4072 1754 4129 intra
1765 4072 1845 4144 lrup'us

201 4200 266 4259 erga
283 4185 472 4259 imperatorem
486 4186 619 4243 inductus,
634 4182 701 4239 Nam
716 4180 761 4254 qui
779 4180 898 4237 divinum
919 4176 999 4237 mint.
1052 4170 1113 4226 sitm
1127 4168 1256 4226 terminas
1277 4168 1446 4226 incluserunt
1461 4184 1467 4222 :
1483 4181 1533 4225 aas
1548 4180 1614 4223 rere
1628 4209 1636 4235 ,
1650 4166 1746 4238 quibua
1757 4167 1846 4227 obitus
1958 4172 1966 4181 '

200 4280 315 4337 etenum
330 4278 490 4337 contumelia
500 4277 592 4344 allicit,
606 4276 693 4348 ipsum
707 4272 816 4347 quidem
830 4272 897 4329 nibil
907 4270 997 4341 ladit,
1051 4264 1163 4321 alterius
1187 4260 1393 4333 illustriorisque
1410 4260 1473 4318 ritae
1488 4258 1593 4317 initium
1605 4268 1658 4329 est,
1675 4259 1709 4316 ab
1723 4259 1774 4317 bae
1788 4261 1847 4333 cpi·

202 4372 322 4445 seipsum
335 4386 402 4430 rere
414 4370 563 4428 innumeris
576 4367 719 4441 complicat
732 4366 819 4424 malis.
1052 4358 1134 4415 trione
1147 4364 1227 4427 atque
1246 4355 1380 4413 sententia
1397 4354 1476 4428 leuge
1496 4354 1624 4412 ιιιιιιιιι
1638 4372 1646 4422 ;
1660 4354 1731 4427 quod
1754 4364 1846 4413 autem

239 4463 401 4538 iblioiplor
408 4464 583 4531 obtruncatio,-
589 4462 767 4534 interemerint
776 4472 944 4530 concerpere
952 4471 1000 4512 erto
1052 4452 1079 4509 iti
1092 4452 1153 4524 jure
1171 4466 1204 4507 ac
1225 4450 1334 4518 merito,
1348 4449 1375 4507 in
1389 4449 1441 4506 alia
1457 4450 1579 4507 oratione
1603 4448 1759 4520 probabitur
1777 4466 1784 4505 ι
1801 4450 1845 4506 in·

204 4542 327 4632 repeiiri:
343 4557 509 4630 reliquiorum
521 4556 613 4613 cultos.
628 4583 664 4595 -
676 4552 845 4624 Quapropter
865 4559 942 4621 poter
954 4548 1001 4605 ilie
1053 4544 1130 4601 terim
1155 4556 1220 4599 tero
1243 4556 1298 4611 ea,
1323 4556 1383 4614 quae
1405 4548 1594 4613 postmortem
1615 4533 1630 4597 ι’
1649 4551 1781 4612 generoso
1800 4539 1848 4597 ilio

204 4646 721 4727 prelisamaus,contumcliosumillum
736 4646 832 4702 iratum
846 4643 999 4716 perpauci·
1053 4634 1154 4708 llabpla
1180 4634 1310 4707 praeclare
1324 4641 1401 4705 gesta
1425 4642 1505 4699 sunt,
1521 4646 1646 4705 magnam
1667 4630 1742 4689 rerinl
1767 4629 1848 4689 ltdetn

204 4747 271 4821 pitia
288 4746 488 4814 lerriccrnens,
504 4743 611 4802 brutum
633 4742 762 4814 impetum
781 4751 907 4797 coercere
927 4751 1002 4793 eura·
1054 4736 1184 4799 praetore
1218 4734 1340 4798 possunt.
1366 4724 1433 4795 Quia
1463 4726 1534 4783 eninr
1557 4740 1642 4797 usquc
1669 4724 1704 4781 ad
1734 4732 1848 4781 mortem

205 4839 264 4908 hri,
278 4854 329 4897 eeu
340 4837 484 4912 quemdam
498 4836 626 4895 edrenem
636 4850 734 4907 equum
748 4848 763 4889 a
776 4839 851 4904 terga
865 4830 1002 4887 deterrere
1054 4819 1231 4894 proteritate
1250 4818 1386 4885 cetrarii,
1410 4828 1438 4875 ιι
1457 4832 1541 4891 usquc
1565 4817 1599 4875 ad
1624 4817 1779 4890 sanguinent
1804 4831 1850 4872 rc-

207 4933 459 5004 augementum
481 4928 608 4988 sustinuit
626 4926 717 4984 inielia
741 4926 803 4993 ille,
826 4922 874 4981 sed
896 4920 1003 5003 inertum
1055 4914 1123 4972 stitit
1146 4919 1239 4968 contra
1261 4920 1398 4983 peceatum
1422 4909 1595 4983 depugnans,
1613 4919 1641 4968 ct
1664 4916 1693 4965 ut
1715 4908 1850 4977 ordinem,
1916 4904 1918 4911 '

206 5024 353 5094 ιιιιιιιιι,
373 5034 402 5083 ιι
415 5023 567 5090 obsistens,
583 5036 697 5093 seseque
723 5020 806 5077 lutari
828 5027 856 5075 et
873 5017 1002 5085 insartiar,
1056 5024 1136 5080 quern
1145 5009 1195 5081 ipsi
1204 5002 1496 5064 constitueratitexiile
1507 5008 1628 5076 magnus,
1639 5018 1692 5060 non
1701 5000 1850 5069 desereret,

208 5117 292 5175 missu
301 5125 385 5176 recta
399 5116 512 5173 rationis
524 5112 642 5188 iudicio,
653 5111 767 5179 dedens,
779 5111 805 5167 in
816 5107 943 5168 baratbra
954 5121 1003 5163 ex·
1056 5102 1172 5160 animam
1187 5101 1272 5174 ipsam
1286 5097 1420 5170 deposuit,
1429 5099 1562 5181 'omnique
1574 5095 1673 5154 atlrlcta
1686 5087 1866 5167 splendidius

211 5226 306 5270 trema
320 5210 450 5285 perniciei
463 5225 525 5267 sese
538 5207 664 5280 conjecit,
680 5214 856 5275 sauciumque
870 5214 1005 5259 ecarccrc
1058 5196 1181 5255 occubuit
1195 5214 1203 5252 a
1218 5194 1292 5251 illurn
1305 5192 1412 5265 quidem
1426 5192 1553 5265 deinceps
1561 5189 1656 5247 caelum
1669 5187 1770 5256 babuit,
1789 5202 1853 5243 cor·

208 5306 354 5371 eductum,
368 5302 402 5360 ad
416 5300 518 5360 cedern
542 5302 660 5357 uinctum
682 5296 762 5369 iussit
785 5292 891 5353 abduci.
918 5292 1006 5364 itque
1059 5308 1109 5364 pus
1134 5296 1235 5357 autem,
1251 5287 1323 5360 quod
1348 5287 1381 5343 ιι
1397 5294 1534 5344 certamen
1558 5284 1767 5349 ministraverat,
1782 5288 1853 5337 terra

208 5396 254 5455 irie
266 5413 309 5464 ea,
323 5412 385 5469 qum
396 5395 598 5463 cemebaniur,
620 5392 654 5449 iis
676 5406 737 5463 qum
756 5388 855 5447 debant
872 5386 1007 5445 contraria
1059 5392 1182 5457 occupat,
1197 5382 1233 5439 ita
1243 5389 1274 5438 ιι
1287 5390 1412 5439 creatura
1424 5378 1552 5435 aibletant
1565 5375 1694 5432 diviserit.
1713 5374 1793 5447 iltqni
1807 5389 1854 5446 pu·

210 5500 297 5549 eram.
312 5490 360 5547 lile
372 5488 480 5563 quidem
493 5488 599 5546 rinctus
612 5484 738 5545 ontnibus
749 5481 828 5540 simul
840 5480 1008 5538 uinculisso·
1061 5488 1130 5538 ierat
1141 5477 1222 5535 ilicet
1235 5473 1373 5533 translcrri
1385 5482 1414 5530 ιι
1427 5471 1530 5539 Ειιιιιι,
1546 5478 1573 5527 ιι
1582 5469 1639 5541 rapi
1652 5478 1681 5525 ιιι
1695 5468 1795 5537 ilelias,
1808 5469 1854 5541 qui

80 5641 88 5655 ,
210 5585 373 5653 inluserat,
393 5592 449 5641 tarn
461 5582 568 5650 ierreis,
581 5595 661 5653 quarn
677 5576 738 5635 aliis
761 5573 940 5649 gratioribus,
954 5572 1020 5638 sol·⁴
1061 5572 1200 5642 ttiriusque
1212 5567 1352 5625 aernulator
1364 5564 1470 5623 luerat:
1484 5571 1512 5619 at
1527 5562 1597 5619 [teus
1609 5561 1654 5618 ille
1666 5562 1795 5629 clematis,
1810 5562 1854 5633 qui

210 5678 393 5737 bciiudinibus
405 5676 509 5735 scilcet
522 5685 603 5748 atque
613 5672 771 5740 laboribus,
792 5670 905 5741 aliisque
919 5667 1009 5728 omni·
1062 5664 1180 5722 inirrtitas
1190 5662 1268 5720 noble
1277 5656 1532 5718 salutisuccasiones
1542 5654 1665 5723 contulit,
1676 5653 1856 5726 ltanequeque

210 5771 272 5841 ltus,
282 5786 345 5844 qum
359 5769 445 5827 anain
458 5768 511 5829 ltac
524 5766 631 5825 mortali
643 5765 697 5823 ritu
711 5763 929 5828 circumsistunt;
945 5774 1010 5816 con·
1063 5760 1141 5817 nobis
1153 5774 1213 5817 cum
1229 5756 1288 5813 aliis
1304 5751 1409 5826 aperuit
1424 5750 1507 5817 uiam,
1530 5762 1590 5820 qum
1603 5763 1653 5805 nos
1664 5740 1749 5819 possit
1760 5746 1795 5802 ad
1805 5746 1856 5803 tir·
1970 5802 1976 5813 ,

213 5873 253 5925 ira
274 5865 324 5941 qui
342 5864 449 5923 solutus
471 5861 546 5921 ierro
569 5871 596 5918 et
620 5858 762 5917 adamame
775 5854 915 5916 ridebatur
928 5894 938 5931 ,
951 5852 1012 5920 aliie
1065 5840 1287 5921 tremescente,
1303 5840 1455 5905 sanctorum
1465 5840 1591 5914 reliquias
1601 5840 1671 5915 apud
1686 5856 1736 5899 nos
1750 5838 1858 5901 interim

221 6040 246 6045 Η
353 5944 764 6025 S..ldutt.Ctibisosi·11·
1500 5932 1704 6027 (lile-ituit.)
