4142 6342
231 406 286 469 m
341 446 343 451 ,
409 432 411 435 ·
604 404 634 463 S.
653 401 790 461 J'OlellS
803 402 1040 463 cttttt‘sostdttt
1059 404 1218 465 necuter.
1236 408 1501 469 CONSTle'lNOP.
1821 420 1875 480 m

237 542 268 585 re
278 518 480 601 persequentem
502 531 530 578 et
546 520 671 579 adulterii
690 530 877 590 accusantem,
893 535 1023 577 accusan-
1084 521 1284 594 mireretttlaee.
1297 524 1324 579 t.
1336 522 1376 597 9)
1392 535 1419 582 et
1433 522 1649 583 trenmmerer
1657 534 1876 603 memorentur

234 630 289 679 tem
308 621 388 679 etiam
407 631 485 686 etun,
497 616 544 689 qui
565 614 687 681 duxerit,
710 629 741 671 ec
761 614 915 671 dicentem:
932 615 1026 671 ddlrue
1081 614 1162 686 plene
1178 612 1264 685 (lrei.
1276 616 1303 671 i.
1318 617 1352 672 ts
1362 615 1383 687 ).
1399 616 1432 674 lit
1445 617 1517 689 qued
1536 633 1590 675 oen
1599 619 1688 677 solum
1698 631 1793 677 cenea
1806 624 1875 680 alie-

234 719 356 783 eormrest
375 708 504 774 maritus,
531 717 559 765 et
584 708 687 764 laciniis
710 710 762 765 troo
789 708 948 765 adulterium
973 716 1025 765 est.
1067 693 1151 773 nes,
1178 706 1226 763 sed
1250 708 1331 764 eriam
1357 718 1450 766 centra
1472 726 1536 768 euos
1558 712 1713 782 servierint,
1727 713 1764 769 ita
1787 716 1875 772 mani·

235 804 330 863 dlelier
350 802 416 859 enirn
437 801 558 858 edelriele
575 812 612 857 eat
635 800 699 875 lepi,
712 801 797 873 peeed
816 802 906 859 riserit
922 802 1028 872 metitur
1080 797 1182 855 lestans
1203 798 1332 870 propheta
1359 800 1465 859 dicebat
1486 801 1707 860 :tremuerant
1731 806 1800 877 filies
1817 824 1877 863 rear

233 896 313 952 illias.
328 892 1027 967 ltremairrer·dimnemdererit,morterertllaet.
1081 900 1104 945 et
1125 890 1194 960 filies
1217 908 1279 947 mee
1298 890 1431 956 demetriis
1445 892 1531 968 (Prei-
1550 895 1613 954 tos.
1640 897 1697 970 st).
1711 897 1763 967 put
1786 910 1882 957 autem·

234 988 261 1045 i.
280 988 341 1062 52).
364 988 477 1057 Quande
498 988 578 1061 igitur
596 986 687 1045 lieeitit
711 987 748 1043 illi
766 986 898 1043 secuttdas
922 986 1028 1057 nuptias
1082 996 1136 1038 nen
1151 985 1295 1054 parcebant
1317 984 1532 1057 tiberinumque
1555 1002 1605 1044 nee
1624 988 1752 1045 uxoribus
1777 973 1877 1063 peper-

234 1078 414 1137 centralrerel
426 1078 638 1148 Querrdel,lune
652 1079 696 1135 ubi
710 1093 725 1133 a
738 1087 831 1133 eatena
845 1076 956 1133 liberata
970 1075 1028 1133 lue·
1082 1074 1192 1132 cissent
1209 1076 1244 1134 lit
1265 1092 1299 1135 ue
1321 1078 1411 1149 iteum
1425 1077 1477 1135 ltee
1488 1079 1642 1147 accideret,
1656 1079 1721 1137 illud
1745 1085 1875 1153 permisit.

234 1173 290 1239 rit,
305 1172 412 1243 quande
426 1173 468 1229 rir
493 1172 632 1228 morietur.
649 1171 705 1227 ldec
720 1170 798 1241 igitur
822 1170 961 1226 declarans
975 1184 1029 1227 neu
1119 1165 1297 1238 dereperelite
1316 1170 1507 1225 matrimonium
1518 1170 1551 1224 el
1566 1170 1650 1225 initio.
1664 1170 1880 1244 -Quaprepter

235 1262 347 1327 eddidit.
361 1263 439 1332 Quod
462 1264 484 1319 ai
507 1272 628 1319 mortuus
643 1261 721 1318 luerit
738 1250 779 1317 ei'r
792 1262 875 1327 illius,
892 1260 975 1317 littera
988 1270 1031 1319 est
1082 1267 1111 1316 et
1126 1259 1249 1316 christus
1272 1258 1375 1318 tueare
1387 1261 1552 1333 repautilrrra,
1572 1271 1601 1319 et
1622 1262 1774 1320 dicentibus
1788 1282 1797 1320 ε
1809 1262 1880 1333 Que-

204 1355 279 1430 tcni
294 1355 408 1413 voluerit
419 1358 612 1426 teuberorsed,
625 1356 656 1413 Si
670 1364 754 1411 etaient
762 1356 892 1412 dormierit
902 1340 939 1411 eir
949 1356 1028 1424 illies,
1083 1351 1159 1407 mede
1193 1352 1273 1425 ipitar
1297 1351 1400 1411 llerea·
1418 1354 1534 1424 pneririt
1555 1354 1620 1409 dere
1641 1355 1754 1412 libellam
1779 1359 1880 1429 repetit

236 1451 312 1521 peresi
326 1450 607 1519 ceresolansriduam,
624 1434 651 1506 et
664 1449 828 1522 persuadens
841 1449 1030 1520 munereaped
1086 1440 1191 1512 (litul-
1206 1442 1307 1517 tent
1324 1444 1554 1517 ostenderequod
1576 1461 1630 1503 nen
1643 1448 1806 1505 contrariare
1822 1465 1879 1506 eoae

239 1544 415 1613 priorem,et
437 1558 490 1598 non
502 1542 648 1613 adiungere
658 1540 806 1598 pectendum
820 1542 956 1598 maritum.
971 1541 1031 1598 lton
1084 1534 1270 1604 letemierens
1288 1536 1325 1591 ita
1346 1537 1495 1610 scripserit,
1510 1536 1582 1595 dirit
1597 1538 1703 1596 :llerea
1718 1540 1879 1613 jestrdarri·

237 1643 359 1690 mortuus
371 1643 412 1690 est
423 1635 543 1705 ,inpuit,
556 1634 598 1689 uir
612 1644 673 1689 tuus
684 1674 692 1699 ,
704 1632 752 1689 sed
775 1631 948 1689 obdormivit.
967 1632 1032 1701 Quis
1085 1626 1145 1679 lim
1158 1626 1242 1681 emit
1251 1628 1326 1682 tellit
1336 1626 1456 1699 &tillim
1467 1639 1522 1697 “ir
1535 1628 1650 1685 “iiiiii
1663 1640 1747 1686 “lem
1764 1648 1815 1688 m
1826 1644 1880 1689 ml

237 1724 414 1781 dormientem
429 1740 483 1780 nen
497 1724 677 1794 prestolaturt
689 1724 834 1795 Propterea
848 1724 926 1793 dixit,
942 1724 972 1781 st
987 1740 1034 1779 ere·
1085 1717 1121 1771 εἰσ
1135 1715 1251 1790 tilido.
1265 1718 1312 1789 8);
1326 1718 1372 1775 ud
1382 1721 1427 1791 etti
1436 1720 1498 1791 [edil
1508 1720 1541 1775 ul
1555 1720 1640 1791 initio,
1652 1723 1795 1780 melate
1805 1735 1829 1780 et
1843 1730 1880 1799 te·

238 1826 287 1871 tent
299 1815 437 1882 dormierit,
452 1816 579 1871 liberaret
591 1816 632 1870 eei
646 1815 754 1871 eeieemt
767 1816 868 1872 nedem.
882 1816 940 1872 Non
953 1814 1029 1881 dixit,
1085 1810 1252 1897 mitterer-feeit
1263 1811 1323 1868 iiior
1338 1810 1392 1886 (lt.
1403 1828 1429 1868 rt.
1438 1813 1479 1884 dl·
1492 1812 1522 1871 Si
1535 1813 1588 1873 iret
1600 1815 1701 1872 bortum
1718 1815 1821 1885 luisset,
1837 1821 1880 1874 in·

237 1905 345 1977 llultat,
362 1918 389 1963 ut
404 1923 437 1963 tre
459 1906 645 1965 rideaturrim
661 1905 751 1964 iacere
774 1918 801 1965 et
814 1922 911 1980 eogere
925 1925 931 1964 :
946 1922 1033 1977 tueque
1085 1904 1153 1975 quit,
1167 1918 1221 1961 non
1243 1921 1325 1961 unu·
1343 1906 1430 1963 tirum
1451 1916 1480 1965 et
1493 1922 1574 1965 anam
1595 1909 1879 1981 mulieremteeiseet,

238 1997 522 2071 prehibullrolentem
532 1998 663 2055 secundas
677 2001 783 2070 nuptias
796 2000 956 2057 contrahere
968 2018 974 2055 :
987 2016 1034 2055 ne·
1086 1998 1133 2054 sed
1157 2014 1212 2055 une
1229 1999 1315 2056 ddum
1337 1999 1447 2057 condite
1467 2000 1535 2058 duas
1559 2001 1667 2061 lecisset
1693 2003 1835 2069 mulieres,
1856 2007 1880 2061 si

238 2106 291 2163 pue
301 2090 434 2147 nolentem
445 2089 601 2146 adhortatus
614 2092 722 2157 estred
734 2092 819 2164 legem
830 2094 903 2165 legit.
917 2095 1008 2151 dicens
1024 2110 1032 2151 :
1086 2089 1194 2161 quidem
1217 2089 1347 2146 voluisset
1367 2105 1448 2147 uuam
1463 2091 1571 2164 quidem
1586 2094 1667 2165 elici,
1691 2093 1804 2151 alteram
1814 2110 1882 2152 tere

239 2181 331 2237 Libere
354 2192 391 2237 eat
411 2182 452 2237 eui
473 2181 578 2237 uoluerit
596 2184 836 2259 teuderelilteram
858 2196 946 2242 autem
961 2187 1033 2241 illam
1088 2181 1196 2248 induci,
1214 2196 1284 2237 rrunc
1296 2182 1432 2253 teroipso
1449 2182 1616 2240 termatiouis
1641 2183 1723 2242 medo
1736 2184 1823 2257 legem
1839 2187 1882 2241 in·

239 2274 301 2346 pe'st
315 2274 362 2331 viri
382 2283 495 2341 mertem
511 2288 571 2329 esse
593 2273 687 2331 laetam
703 2276 810 2343 diceas,
827 2278 961 2343 ostendit,
978 2294 1035 2334 ser·
1086 2273 1173 2341 derit,
1188 2288 1332 2346 quamego
1353 2290 1426 2331 nitere
1449 2274 1550 2332 scribo.
1573 2276 1608 2333 lit
1626 2292 1750 2349 nuaeuam
1762 2286 1806 2335 eet
1818 2278 1884 2335 illa?

241 2384 300 2425 tam
315 2384 373 2425 earn
388 2378 467 2425 antee
480 2372 567 2430 adlrue
579 2374 685 2430 rireme
698 2371 794 2427 arante
808 2372 899 2437 luisse;
913 2386 973 2441 nure
988 2386 1034 2426 au·
1086 2364 1151 2419 flate
1163 2366 1269 2436 “litter
1290 2366 1354 2423 Eam
1369 2366 1420 2423 ilbi
1440 2368 1553 2439 (illisque
1567 2384 1679 2425 uxorem
1707 2381 1798 2427 servet
1809 2386 1882 2427 tem·

240 2470 295 2518 tem
306 2478 383 2519 serra
393 2472 445 2528 est,
455 2480 486 2521 ac
497 2465 675 2537 sulrditalegi,
690 2464 793 2521 etiamsi
807 2464 904 2520 millies
915 2462 1034 2521 libellum
1087 2472 1145 2528 llil,
1160 2473 1240 2529 illlam
1267 2459 1343 2515 initio
1368 2461 1479 2515 sortitus
1504 2470 1555 2518 etl·
1580 2461 1643 2519 litet
1667 2462 1710 2519 lex
1737 2463 1887 2536 antiquior,

239 2553 342 2623 repudii
358 2554 482 2626 accipiat,
495 2555 617 2613 adulterii
640 2555 765 2627 ligabitur
780 2555 848 2626 lege.
870 2554 938 2610 Nam
950 2555 1035 2611 sertis
1087 2566 1168 2622 quam
1182 2552 1226 2607 illa
1249 2551 1282 2608 de
1297 2552 1389 2610 libelle
1403 2554 1516 2627 repudii,
1531 2562 1559 2612 et
1580 2564 1664 2622 mute,
1678 2564 1779 2629 quante
1799 2558 1883 2616 Adam

240 2645 346 2715 peridem
363 2646 424 2703 lleet
438 2657 542 2705 mertare
561 2646 684 2703 domines
698 2647 834 2712 civetates,
849 2646 924 2702 uxori
945 2654 1034 2701 autern
1088 2642 1148 2714 ipse
1162 2642 1244 2700 urse.
1269 2646 1302 2700 Et
1316 2646 1416 2704 idcirce
1431 2663 1502 2704 nune
1515 2648 1583 2705 uiltil
1596 2664 1698 2717 netum
1717 2660 1818 2717 sector,
1831 2667 1881 2707 ue·

240 2726 293 2793 non
316 2738 407 2794 licelrit
426 2741 499 2795 vires
518 2749 700 2805 commutare,
716 2740 821 2794 virerue
836 2754 885 2794 sue
899 2755 906 2793 ε
922 2752 983 2792 uam
1009 2732 1035 2792 id
1088 2748 1141 2805 pue
1161 2738 1300 2807 peregrina
1319 2738 1402 2795 altere
1423 2738 1551 2807 decreta,
1567 2740 1615 2798 sed
1635 2742 1710 2800 Nure
1733 2743 1886 2815 antiquiora

240 2826 399 2887 adulterium
412 2840 496 2889 esset.
518 2832 557 2889 Ne
572 2832 636 2907 runilri
651 2832 724 2902 leges
747 2830 780 2886 ab
793 2830 894 2887 exteris
913 2828 1036 2886 conditas
1088 2834 1117 2881 et
1129 2828 1229 2897 priora.
1243 2828 1339 2900 Operm
1366 2838 1455 2887 autent
1474 2834 1589 2903 pretium
1613 2832 1693 2890 luerit
1711 2842 1740 2892 ct
1752 2834 1831 2891 lteris
1843 2835 1883 2891 le·

241 2921 323 2990 lopas,
337 2924 522 2992 praecipientes
542 2922 599 2978 dari
626 2922 744 2978 libellum
761 2920 881 2992 repudii,
895 2928 923 2977 ct
933 2918 1035 2976 diuelli.
1087 2930 1149 2989 gem
1164 2919 1246 2985 illam,
1260 2935 1340 2990 quam
1354 2921 1388 2978 de
1410 2923 1460 2978 nae
1473 2938 1503 2980 re
1520 2925 1627 2995 posuit,
1643 2926 1737 2983 audire
1749 2944 1756 2981 :
1768 2924 1882 2999 Sipeia,

239 3012 332 3084 Neque
344 3014 415 3069 enim
431 3012 506 3083 juxta
519 3012 579 3069 illas
589 3014 757 3085 iudicaturus
775 3021 816 3069 est
831 3022 858 3069 te
871 3012 943 3069 Deus
954 3013 980 3067 ln
992 3011 1036 3068 die
1090 3009 1194 3081 lupuit,
1209 3012 1333 3083 receperit
1361 3029 1484 3082 arerem,
1504 3024 1528 3069 et
1546 3016 1693 3095 leliteoerit
1715 3034 1772 3072 erere
1792 3018 1849 3081 iller
1861 3027 1884 3073 et

241 3104 296 3169 illa,
309 3105 356 3160 sed
372 3104 518 3161 secundum
531 3120 595 3171 eas,
610 3120 676 3177 quas
687 3105 744 3175 ipse
761 3102 863 3161 statuit.
886 3102 973 3159 Etiam
987 3118 1038 3160 ex·
1089 3102 1148 3169 erit,
1161 3102 1184 3155 ri
1193 3101 1373 3157 retrimenerit
1389 3105 1497 3175 pretinm
1507 3122 1594 3159 cerem
1606 3106 1669 3172 illo,
1684 3109 1745 3179 prrie
1755 3108 1884 3163 inventitia

241 3204 325 3253 terum
338 3197 411 3269 leges
425 3212 480 3254 nen
492 3198 660 3269 simpliciter,
677 3210 726 3252 nec
739 3196 862 3253 altselnle
871 3183 925 3253 'laec
937 3210 1035 3268 pesue-
1088 3192 1136 3247 itte
1161 3192 1326 3265 turpitudinis
1340 3212 1412 3263 rere,
1428 3198 1519 3252 arridet
1540 3197 1580 3254 iili
1598 3199 1711 3255 tiielleer
1730 3198 1846 3272 repudii,
1859 3210 1884 3257 et

243 3296 306 3345 tunt
321 3307 328 3346 r
344 3303 404 3345 natu
424 3298 451 3345 et
475 3289 540 3361 ipsae
555 3288 669 3362 puniunt
682 3286 801 3356 lactum,
813 3296 841 3343 et
855 3288 918 3345 ltine
937 3286 1035 3357 liquet,
1089 3285 1159 3340 datie
1179 3287 1207 3341 r'rt
1228 3303 1318 3342 etenea
1341 3290 1396 3360 ejer
1407 3288 1494 3358 (deut.
1507 3290 1553 3345 dl.
1569 3291 1609 3362 1).
1623 3289 1700 3357 tiele,
1720 3307 1774 3348 nen
1798 3293 1882 3360 dixit,

242 3394 289 3435 eas
299 3390 438 3451 peccatum
454 3379 530 3435 valde
539 3395 610 3450 aegre
623 3380 725 3435 tulisse.
741 3378 904 3445 Unde'eam,
916 3393 977 3449 qna
987 3392 1037 3433 au·
1089 3374 1205 3433 Scribite
1219 3369 1334 3444 et'date.
1347 3379 1479 3451 sedquidl
1492 3380 1588 3437 Serilet
1598 3383 1639 3437 illi
1648 3383 1762 3439 lidelleer
1771 3386 1882 3456 repudii,

241 3480 300 3526 ctor
314 3470 393 3525 luerit
407 3469 510 3541 repudii
522 3511 529 3537 ,
541 3470 640 3525 nudem
653 3478 681 3526 et
704 3470 845 3545 spoliatam
867 3464 1039 3527 facultatibus
1090 3475 1114 3521 et
1132 3467 1203 3523 dedit
1223 3469 1250 3523 in
1263 3485 1354 3524 necnee
1365 3472 1430 3543 eim.
1455 3472 1578 3544 llagmrm
1598 3482 1688 3530 autem
1711 3474 1781 3531 iuter
1794 3475 1846 3531 noe
1857 3486 1885 3532 et

241 3562 362 3631 ejiciunt,
377 3572 405 3617 et
418 3575 481 3617 eum
493 3576 508 3615 a
530 3576 583 3633 que
596 3560 656 3616 data
672 3558 752 3617 luerit
765 3558 950 3617 dissolutionis
961 3572 1039 3617 eece·
1090 3557 1156 3616 illud
1168 3559 1312 3615 discrimen
1325 3578 1332 3615 :
1344 3576 1406 3615 nam
1429 3562 1535 3628 dicere,
1551 3562 1659 3637 Serilpat
1668 3565 1790 3621 libellum
1802 3580 1883 3637 repe-

242 3654 301 3719 rio.
317 3654 397 3710 etiam
425 3654 579 3709 facultatum
590 3652 695 3723 jactura
716 3653 847 3725 puniam,
860 3662 887 3709 et
908 3652 1039 3709 sanedec
1090 3649 1138 3713 dii,
1152 3659 1181 3707 et
1190 3650 1238 3707 det
1251 3652 1277 3707 in
1287 3668 1381 3708 manus
1394 3654 1471 3724 ejus,
1484 3655 1602 3725 jerlrerrtis
1621 3670 1653 3711 ac
1664 3658 1819 3728 imperantis
1833 3670 1883 3725 est;

241 3738 382 3815 iacientes,
394 3746 493 3804 lectum
507 3745 570 3803 illud
582 3759 634 3801 nou
649 3743 882 3802 commendabant.
1092 3741 1181 3799 dicere
1193 3754 1292 3809 auterrt,
1309 3745 1406 3803 Serilet
1417 3746 1530 3802 libellam
1547 3749 1657 3820 repudii,
1673 3760 1696 3805 et
1710 3750 1780 3806 dedit
1788 3756 1815 3806 ln
1828 3768 1884 3805 rae-

276 3838 304 3894 2.
318 3838 386 3909 Quid
401 3829 495 3909 lpita'rt
508 3838 658 3907 Etlioses,
671 3840 765 3907 aiunl,
781 3837 834 3895 hee
847 3840 909 3895 loelt
924 3856 932 3894 :
946 3846 973 3894 et
992 3837 1039 3895 ille
1092 3850 1141 3889 ner
1153 3835 1218 3905 ejer,
1229 3838 1412 3893 anttuutiomis
1424 3840 1566 3903 [autumet
1581 3855 1635 3896 nen
1648 3843 1788 3913 propriant
1797 3844 1884 3914 legem

242 3930 353 4005 prepter
374 3931 496 3989 eumdem
517 3923 602 4001 ipsam
617 3946 737 3987 causatu.
752 3930 792 3985 Tu
806 3942 871 3986 tero
886 3929 948 3985 dudi
958 3928 1039 3985 Citri-
1092 3917 1287 3985 introducentis
1304 3940 1358 3985 est,
1373 3930 1464 4001 igitur,
1478 3933 1509 3988 Sr'
1518 3934 1584 4004 perir,
1597 3935 1652 4002 ait,
1663 3935 1750 4007 ejiciet
1757 3930 1884 4002 arerent,

242 4035 313 4080 stum
334 4024 489 4087 dicentem,
506 4021 567 4078 Nisi
586 4021 752 4079 etendeeerit
760 4022 865 4095 jertitie
883 4030 965 4077 eertru
980 4022 1040 4093 plera
1091 4028 1116 4077 et
1126 4022 1237 4077 dinrittet
1253 4018 1324 4078 illem
1345 4020 1462 4079 cedetne
1474 4042 1520 4080 erre
1531 4042 1540 4080 .·
1550 4036 1573 4081 et
1587 4022 1648 4082 cerni
1657 4028 1748 4083 adierit
1760 4071 1769 4099 ,
1779 4030 1886 4102 &sunit

243 4132 319 4187 preat
333 4114 481 4171 Scribarum
491 4124 515 4169 et
528 4113 736 4183 Plerireeerrm,
752 4130 804 4171 nen
817 4113 985 4171 introlltieirr
997 4129 1040 4169 re·
1092 4113 1166 4169 elteri
1178 4114 1243 4182 rire,
1258 4126 1283 4170 et
1296 4116 1355 4170 edio
1366 4110 1438 4171 illene
1448 4116 1563 4172 tedemit
1576 4119 1653 4173 etiem
1664 4119 1704 4175 eir
1716 4120 1851 4193 pederier,
1861 4128 1885 4175 et

243 4208 447 4279 premereiment
456 4205 563 4277 (Metti.
575 4208 602 4264 5.
612 4206 747 4277 dolendi
761 4206 836 4263 illurn
845 4207 1040 4264 rursusdieeu·
1092 4207 1220 4278 reriprerit
1242 4207 1283 4262 iili
1297 4207 1409 4264 libellum
1419 4202 1538 4281 repudii,
1550 4222 1574 4265 et
1583 4211 1680 4267 dederit
1689 4214 1717 4268 ia
1729 4230 1820 4269 omnes
1831 4214 1887 4284 ejaa

245 4306 299 4355 lent
314 4316 321 4353 z
337 4298 386 4367 Qui
399 4298 522 4354 dimiserit
535 4314 639 4355 arerem
650 4314 739 4367 reete,
752 4307 857 4373 recepte
875 4298 954 4354 edere
966 4298 1042 4354 edal-
1092 4306 1117 4353 et
1126 4298 1223 4354 emittet
1232 4298 1304 4355 illem
1316 4300 1503 4357 eadeereree:
1514 4303 1536 4357 ri
1547 4298 1660 4359 retortam
1673 4306 1749 4376 {terit
1757 4304 1886 4369 iiliareir,

245 4392 320 4457 terii,
337 4391 398 4465 tecit
421 4392 495 4448 illem
515 4391 658 4448 adulterent
678 4392 734 4463 fieri
749 4408 758 4447 .·
771 4402 795 4448 et
808 4390 853 4464 pei
867 4391 1000 4448 dinrirrent
1012 4392 1041 4448 ia
1092 4390 1138 4461 pei
1150 4392 1247 4461 rereptt
1256 4392 1383 4447 aidiiileut
1396 4408 1519 4460 exorem,
1535 4396 1690 4466 conpererit
1700 4397 1740 4451 eir
1752 4396 1834 4468 per-ier,
1843 4398 1887 4467 pai

244 4499 350 4541 arerem
369 4485 486 4553 eluserit,
507 4486 607 4541 adulter
619 4486 648 4557 fit
662 4484 769 4559 (llettlr.
790 4484 818 4542 5.
843 4483 900 4556 51).
926 4484 1042 4557 Propter
1094 4481 1225 4536 dimiteret
1237 4481 1474 4551 elamitarum,
1489 4494 1514 4540 et
1527 4487 1646 4558 eecipere'
1656 4483 1713 4542 eene
1723 4487 1771 4542 rtet
1783 4488 1812 4542 ier
1824 4502 1888 4543 ase·

245 4576 305 4633 iroc‘
318 4577 392 4635 venit
415 4578 568 4651 unigenitus
580 4578 666 4635 Filius
685 4577 752 4646 llei,
772 4587 882 4649 propter
906 4578 958 4635 trec
969 4578 1041 4635 serui
1093 4589 1147 4630 rene
1160 4574 1257 4651 (ll.‚e.
1270 4576 1341 4651 Μ).
1360 4576 1461 4634 lleinde
1475 4588 1630 4636 monstrans
1648 4594 1679 4637 ee
1701 4594 1756 4637 nen
1777 4579 1888 4637 mature

246 4656 358 4727 lorma'm
366 4672 520 4743 assumpsit,
530 4682 639 4743 propter
649 4668 701 4728 hoe
710 4668 967 4742 sanguinem'edudit
978 4676 1043 4742 'pree
1093 4664 1203 4736 iactum,
1215 4683 1302 4740 neque
1315 4669 1468 4741 coniugium
1483 4684 1544 4727 esse
1554 4681 1664 4743 putare,
1677 4671 1725 4728 red
1740 4670 1888 4727 iettrmitati

245 4752 359 4831 tiesum,
373 4774 488 4824 mertem
504 4763 652 4832 destruxit,
666 4772 807 4837 peceatum
831 4764 974 4831 exstinxit,
987 4764 1042 4822 lar-
1093 4777 1187 4819 eerem
1199 4778 1260 4819 sese
1269 4773 1457 4835 attemperare,
1466 4765 1610 4835 'postquam
1620 4764 1688 4820 dixit
1703 4782 1711 4820 r
1724 4762 1786 4821 Nea
1795 4765 1889 4836 poerit

244 4855 471 4929 pioremspiritus
483 4846 595 4927 plattam
608 4855 691 4922 dedit,
707 4864 737 4913 ut
748 4856 782 4913 ad
793 4856 878 4928 maius
894 4865 921 4915 te
934 4858 1043 4929 sapien-
1094 4854 1213 4926 eirprier
1224 4854 1339 4926 occipere
1355 4854 1427 4910 illem
1438 4856 1486 4911 rili
1497 4856 1524 4910 in
1544 4872 1666 4924 ereren,
1676 4853 1798 4926 addidit,
1811 4853 1889 4912 Pert-

245 4949 290 5005 tlee
310 4948 429 5006 studium
452 4949 599 5005 induceret.
615 4949 689 5007 Alias
714 4949 795 5025 etiam
818 4949 906 5007 flores
928 4965 982 5007 nen
1005 4950 1042 5006 ite
1093 4962 1169 5017 emer
1180 4946 1280 5017 pollute
1289 4956 1325 5002 rat
1334 4945 1388 5020 (tt.
1401 4962 1425 5001 e.
1438 4948 1467 5018 t)
1482 4964 1488 5000 ε
1506 4945 1646 5003 murana
1659 4945 1798 5019 perltujus
1812 4947 1887 5004 verli

247 5040 403 5111 simpliciter
416 5040 503 5111 tegern
515 5030 585 5097 narie
596 5041 672 5111 tulit,
687 5041 736 5098 red
748 5055 809 5098 eum
822 5052 966 5114 coematur
979 5046 1041 5100 rere
1095 5037 1217 5104 motem,
1232 5036 1304 5109 euod
1318 5036 1444 5093 secundae
1455 5038 1575 5109 nuptie,
1590 5038 1696 5095 virente
1706 5038 1798 5109 priore
1810 5037 1887 5107 rire,

245 5138 425 5203 attemperare
446 5147 539 5189 eorum
561 5133 658 5205 quidm
679 5133 762 5205 legem
775 5130 1040 5202 dabat,·indrmitati.
1094 5128 1208 5203 pollutio
1234 5128 1319 5199 magis
1341 5129 1397 5185 sint
1420 5144 1500 5200 quam
1523 5128 1676 5200 eerrjupium
1691 5138 1821 5201 :prepter
1835 5128 1888 5185 loe

246 5224 317 5281 llam'
328 5226 455 5295 queniam
469 5226 502 5281 ad
517 5224 604 5282 eaedes
617 5225 733 5297 prompti
747 5234 833 5293 eram,
847 5232 875 5280 et
886 5224 981 5281 donner
993 5238 1042 5279 ee·
1096 5235 1150 5277 nen
1164 5219 1248 5288 dixit,
1263 5220 1407 5292 Postquam
1419 5222 1491 5276 illam
1509 5220 1536 5277 in
1549 5236 1664 5275 uxerem
1674 5220 1793 5277 duxerit
1806 5216 1890 5276 tues

245 5326 326 5385 priate
336 5314 478 5386 replebant
491 5318 638 5389 sanguine,
653 5324 681 5373 et
694 5331 780 5389 neque
793 5317 861 5383 euir,
876 5330 963 5389 neque
975 5315 1043 5373 alie·
1094 5327 1175 5385 quam
1187 5326 1305 5369 mustene
1317 5326 1378 5368 cum
1391 5310 1499 5369 Cleristo
1518 5312 1655 5382 lepuatarl
1665 5311 1769 5368 deinde
1783 5320 1810 5367 et
1824 5324 1888 5366 eru·

219 5468 232 5487 ·
246 5412 289 5461 nis
310 5408 471 5477 parcebant,
486 5423 520 5465 ne
535 5410 606 5465 imus
626 5408 782 5465 deciderent
797 5418 893 5465 uxeres
905 5451 913 5478 ,
927 5422 988 5479 quae
998 5409 1042 5465 in·
1094 5418 1153 5463 eam
1166 5408 1310 5477 apposuit,
1324 5404 1562 5468 Qeedalemireetie
1578 5405 1612 5459 ait
1625 5420 1712 5459 errem
1723 5403 1780 5459 lter
1790 5401 1845 5477 (lo.
1860 5421 1886 5459 e.

245 5506 328 5567 pratae
341 5510 437 5566 erant,
454 5500 581 5573 praecepit
601 5501 845 5570 toeasmittendas,
859 5516 914 5573 pue
934 5502 1042 5574 praeire
1095 5498 1181 5569 illle
1194 5499 1280 5553 lleses
1293 5498 1401 5569 quidem
1414 5500 1453 5552 eie
1467 5514 1475 5553 :
1490 5497 1618 5567 peroptima
1632 5507 1722 5552 auran
1745 5496 1890 5552 llataeldas

248 5589 363 5656 mihim·
391 5607 489 5666 ututpe
517 5593 721 5651 homicidiorum
749 5593 862 5651 laetitiae
888 5592 1040 5652 tolleretur.
1094 5589 1180 5645 multo
1192 5586 1458 5658 matriiestiua‚puaen
1472 5584 1890 5653 deser,taeeuemeastret;ime

248 5680 320 5737 sone
329 5683 400 5753 quod
409 5685 549 5744 homicide
558 5688 667 5757 luerint,
677 5687 739 5747 audi
751 5686 1042 5759 prophetaedteeuterr
1095 5684 1184 5757 prum
1196 5696 1252 5739 nott
1264 5680 1424 5744 fleitellus,
1440 5670 1489 5736 ⁸6¹¹
1503 5678 1573 5735 ⁰⁶¹¹ss
1586 5694 1634 5749 let
1652 5677 1829 5745 ”tlichiflmt
1845 5678 1889 5734 ¹¹1⁵

249 5771 423 5842 mopiam
436 5778 503 5858 sor
513 5781 542 5834 u·
559 5780 693 5853 morae,
705 5790 730 5839 e
742 5778 887 5839 teroem
900 5780 1040 5853 remeet.
1095 5776 1194 5835 rerotr.
1211 5773 1343 5846 umam
1353 5772 1459 5844 emta
1476 5772 1602 5843 mmet
1621 5770 1656 5826 re
1668 5771 1827 5841 emme·
1843 5786 1888 5826 u-

256 5866 289 5921 iir
311 5864 403 5938 (llicit.
423 5869 452 5924 5.
479 5869 523 5941 tt)
536 5886 544 5938 ;
559 5880 587 5927 et
605 5873 702 5929 iterum
718 5891 725 5929 ι
740 5873 898 5946 Senprierent
916 5874 1037 5946 tenpeini
1096 5880 1176 5927 rtreur
1186 5870 1198 5924 ?
1208 5870 1246 5924 eet
1255 5868 1364 5938 recipere
1378 5866 1532 5938 neeepteiile
1543 5865 1575 5920 de
1589 5865 1705 5922 trieterides
1717 5866 1807 5923 rerem
1820 5863 1888 5941 (lle-
