4142 6342
281 377 335 433 ns
655 323 1276 427 s.tounntscnnrsosnoursnnnlnr.
1296 353 1568 415 consrtnnnor.
1870 357 1924 419 rm

280 488 324 544 iric
339 500 428 543 senno
445 482 536 556 :quod
548 461 619 540 enim
634 494 721 551 neque
739 475 893 550 magnitudo
903 491 952 532 noc
963 483 1074 532 ornatus
1128 470 1297 537 accidissent,
1312 469 1345 525 ad
1358 469 1422 541 quid
1436 468 1591 540 impietatis,
1606 466 1742 526 miraculis
1754 472 1922 541 conspectis,

280 579 427 650 impietatis
452 576 487 631 sit
509 590 604 639 causa,
618 570 665 627 sed
679 571 786 628 illorum
801 568 959 641 ignorantia,
974 581 1024 624 nos
1036 565 1075 620 nil
1128 561 1567 635 tuncnonprocessissent?Sicut
1587 562 1666 635 igitur
1689 562 1734 619 bic
1756 573 1867 636 propter
1885 567 1924 622 si·

279 672 333 730 tale
347 671 419 742 passi
430 668 607 725 declaramus.
627 665 684 733 era
710 662 782 718 enim
801 661 835 717 do
854 673 934 717 cansa
963 656 1074 734 nosipsi
1127 671 1241 730 gncmm
1257 655 1467 728 magnitudinem
1480 662 1640 712 cirraturam
1655 667 1749 712 eorum
1765 657 1793 712 in
1815 657 1924 716 infirmi·

279 761 384 818 divinos
399 759 517 815 bonores
531 771 583 812 non
596 753 784 811 decrevimus?
797 766 886 808 nonne
901 748 995 806 iisdem
1008 761 1074 804 ocu·
1132 759 1186 806 tate
1200 764 1260 806 esse
1273 749 1405 822 permisit,
1418 755 1445 805 el
1456 747 1608 820 irequentes
1617 748 1740 820 permisit
1750 750 1923 819 semiarianos,

279 853 312 908 lis
325 854 412 924 ipsunt
423 849 589 921 aspicimus?
606 861 696 903 nonrre
708 843 803 901 eadem
816 858 848 900 ex
864 841 999 898 creatione
1012 854 1075 910 per·
1128 858 1164 900 ne
1177 850 1333 914 putarentur
1342 855 1401 899 esse
1413 841 1451 898 dii
1466 856 1474 895 a
1489 841 1563 898 sicet
1577 841 1604 897 in
1613 849 1734 898 creatura
1743 841 1835 899 mundi
1844 843 1924 915 quid·

279 932 393 1018 cipimus
405 958 463 1016 qum
475 941 531 997 illi?
548 955 638 997 aronae
652 937 773 995 eamdem
789 935 904 992 animam
924 931 1075 989 habemus?
1127 933 1189 992 dam
1202 933 1244 991 iris
1254 933 1341 991 simile
1355 933 1545 991 lecitaetenim
1564 931 1702 1004 potatuan
1715 934 1801 1004 ipsam
1818 942 1846 991 et
1866 951 1925 992 ma·

279 1052 370 1094 nonne
383 1035 452 1090 idern
471 1023 998 1105 corpuspossidemusinonneeamdem
1019 1022 1075 1079 cai·
1127 1042 1207 1100 gnam
1220 1025 1342 1096 iecit,et
1363 1023 1469 1083 murium
1490 1025 1691 1098 corruptibilem
1713 1028 1863 1084 constituit.
1890 1029 1954 1112 Et⁸

280 1143 374 1186 camus
392 1125 537 1200 tellurem?
549 1121 692 1196 ottomodo
707 1119 874 1194 pulchritudo
885 1126 912 1174 et
922 1115 1075 1189 magnitudo
1127 1119 1187 1177 base
1199 1127 1311 1191 utraque
1323 1117 1470 1192 scripturae
1487 1118 1603 1175 docent:
1616 1117 1662 1174 bic
1674 1118 1782 1190 quidem
1796 1119 1923 1177 celorum

278 1234 330 1276 nos
342 1217 436 1285 eadem
450 1233 510 1274 cum
526 1215 580 1298 illia
595 1214 694 1270 sentire
711 1227 764 1268 non
777 1208 927 1284 persuasit?
943 1207 998 1264 Nec
1013 1207 1076 1264 binc
1127 1209 1353 1284 pulchritudinem
1378 1225 1501 1282 narrans,
1528 1210 1568 1267 sic
1590 1209 1677 1282 inquit
1698 1227 1706 1266 r
1726 1209 1790 1267 dett
1803 1221 1925 1268 moment

156 1369 159 1376 ,
278 1317 461 1367 uerotantum
486 1294 538 1365 lnoc
553 1306 638 1378 palam
656 1303 778 1373 erit,sed
805 1311 834 1359 et
857 1300 973 1357 aliunde.
998 1297 1075 1371 Quod
1129 1305 1241 1379 glorium
1255 1303 1304 1361 Dei
1317 1303 1404 1378 (Prot.
1413 1303 1533 1377 libili:
1549 1313 1577 1362 et
1586 1305 1712 1361 rursum:
1730 1305 1925 1374 Qeieonmmt

278 1405 352 1460 eninr
366 1418 420 1458 non
435 1411 545 1474 propter
557 1396 781 1472 pulchritudinem
801 1395 887 1466 ipsum
902 1407 1076 1451 consecrare·
1128 1395 1298 1454 eoelamceint
1309 1413 1446 1467 eameram,
1467 1407 1491 1452 er
1503 1396 1614 1454 retendit
1626 1397 1711 1470 ipeem
1724 1400 1798 1471 quaer·
1807 1400 1925 1456 ream.

278 1495 344 1563 rint,
356 1492 403 1550 scd
414 1493 450 1549 ob
464 1492 597 1563 propriam
619 1489 767 1564 stultitiam,
782 1485 872 1542 dicant
892 1483 997 1542 simiam
1018 1497 1071 1570 qua
1128 1493 1213 1548 aarum
1226 1491 1253 1548 tn
1265 1501 1333 1548 rma
1347 1490 1425 1566 (ιω),
1436 1490 1481 1549 to,
1496 1491 1545 1563 ἢ)
1555 1509 1564 1560 ;
1575 1501 1603 1549 aa
1616 1507 1723 1549 rursum
1734 1510 1742 1548 ς
1753 1492 1804 1562 Qut
1813 1493 1925 1550 emam

279 1587 315 1644 de
324 1602 404 1643 eatrsa
418 1584 607 1658 adorarernnt,
619 1579 793 1648 crocodilum,
802 1593 908 1647 mrem,
921 1574 1075 1632 animalium
1126 1585 1261 1641 elremrem
1270 1583 1328 1641 celi
1336 1583 1430 1660 (Ereti.
1438 1585 1484 1641 to.
1495 1585 1554 1659 lt).
1563 1584 1639 1642 Alter
1648 1600 1716 1642 sero
1722 1585 1924 1658 demonstrans,

278 1677 424 1734 vilissima?
438 1668 506 1732 V'ere
520 1669 686 1730 domuerant
701 1674 727 1728 in
753 1669 945 1742 capitationibus
967 1667 1036 1734 sair,
1051 1671 1076 1725 et
1127 1679 1180 1738 giga
1193 1678 1334 1750 pulchrum
1345 1687 1373 1735 pr
1385 1693 1530 1750 magnum,
1543 1687 1633 1735 umen
1654 1678 1828 1750 corruptibile
1848 1693 1923 1750 ease,

279 1763 468 1828 obtenebratum
477 1777 513 1824 est
524 1767 646 1840 insipiens
659 1782 703 1821 eor
717 1780 803 1821 eorem
820 1779 829 1820 .·
847 1763 957 1817 diceutes
971 1759 1036 1814 euitat
1049 1774 1076 1814 re
1127 1773 1280 1845 ,reinqugg
1296 1770 1376 1837 papio
1390 1779 1429 1839 gp,
1444 1770 1564 1840 pomam,
1575 1780 1670 1827 rm„
1684 1769 1810 1844 sugamia,
1824 1781 1848 1826 ρ)
1860 1787 1923 1843 ope-

182 1887 190 1908 ·
279 1865 478 1933 esserupierrter,
494 1860 635 1933 stultifecti
654 1865 711 1914 runt
733 1855 820 1928 (Rom.
837 1853 925 1910 111.
946 1851 1004 1923 m).
1019 1850 1075 1907 Vo-
1127 1881 1158 1921 ,a
1171 1881 1293 1920 mum
1314 1874 1415 1919 mmm
1435 1863 1822 1937 ,pnrcoepffpgapmpggggg
1838 1873 1925 1921 mm

278 1963 430 2012 rumlameu
445 1941 546 2010 uon‘er
561 1951 603 2008 his
618 1959 720 2007 tanturn
732 1945 964 2020 respondebimus,
977 1943 1025 2000 sed
1046 1948 1076 1998 et
1126 1975 1270 2031 mm,
1290 1967 1314 2015 ,g
1333 1972 1419 2015 ,mm
1431 1959 1498 2013 ,rm
1515 1957 1689 2014 „nemmem
1715 1965 1868 2013 ,emme
1878 1974 1889 2023 ‚-
1899 1965 1926 2013 ,g

279 2049 353 2106 aliud
365 2046 429 2120 quid
444 2047 558 2118 amplius
569 2045 698 2102 dicemus.
1126 2051 1193 2106 dcet
1204 2050 1359 2122 opertorium
1370 2048 1481 2107 mutabit
1492 2066 1553 2116 eor,
1567 2048 1765 2105 etmotobrmtur
1776 2049 1861 2122 (Psoi.
1877 2049 1923 2106 18.

316 2141 343 2196 l·
363 2140 427 2196 liae
448 2139 520 2195 cuim
533 2139 603 2194 Deus
616 2136 680 2194 oie
695 2133 861 2207 praeurens,
878 2138 906 2188 et
919 2131 987 2186 nam
1010 2128 1075 2199 rpsn
1127 2143 1190 2202 ror.
1204 2142 1319 2218 esen.
1331 2143 1366 2200 m
1379 2143 1476 2200 lterum
1493 2142 1527 2200 uo
1548 2143 1605 2201 sole
1624 2143 1711 2215 rnqrrn
1729 2143 1800 2200 tuen
1816 2142 1923 2200 narnus

279 2247 374 2290 ansam
383 2230 529 2288 secundum
541 2229 697 2301 sapientiam
707 2241 782 2284 suam
793 2224 919 2281 sustulit:
935 2229 1075 2294 propterea
1129 2235 1389 2310 mmmmm,
1404 2235 1542 2308 ,mam
1559 2235 1592 2291 g,
1616 2237 1728 2292 egaram,
1753 2251 1799 2292 ,gg
1815 2235 1925 2292 :emm
1962 2279 1966 2284 A

279 2341 335 2382 non
348 2334 451 2382 tanturn
466 2323 615 2381 mirabilem
629 2330 656 2380 et
669 2319 864 2393 magnumlecit
878 2316 1016 2383 mundum,
1026 2312 1075 2370 sed
1127 2328 1190 2386 ,app
1199 2339 1228 2386 gg
1239 2329 1312 2404 θὶς),
1321 2329 1515 2385 gemmeam
1524 2328 1591 2384 „pam
1600 2327 1686 2400 (pm,
1698 2327 1744 2385 gg,
1759 2327 1798 2403 a),
1813 2327 1923 2398 vidtur,

280 2426 309 2474 et
322 2415 523 2488 corruptibilem
537 2423 565 2472 et
586 2413 807 2480 marcescibilem,
819 2419 847 2467 et
858 2410 941 2482 ipsius
956 2406 1076 2464 imbecil·
1127 2420 1262 2494 quomodo
1273 2421 1370 2478 sigeri,
1389 2419 1615 2493 pulchritudinem
1627 2420 1706 2476 gamul
1718 2426 1745 2476 pr
1759 2418 1924 2493 magnitudi-

278 2507 367 2564 litatis
392 2508 490 2563 multas
518 2505 631 2562 inseruit
649 2502 945 2561 demonstrationes:et
958 2498 1029 2572 quod
1047 2497 1075 2554 in
1129 2529 1191 2572 „em
1203 2513 1250 2571 ,aar
1260 2513 1427 2571 ,010000105
1445 2513 1552 2584 muge
1575 2511 1651 2570 saeue
1664 2513 1735 2568 emm
1750 2526 1783 2569 ος
1804 2511 1925 2569 thalamo

281 2597 412 2669 apostolis
425 2597 505 2664 lecit,
520 2595 571 2653 boc
583 2603 611 2652 el
622 2595 649 2652 in
661 2602 718 2652 toto
734 2591 844 2649 mundo.
864 2591 932 2660 Quid
944 2597 1035 2646 autem
1048 2588 1076 2644 in
1128 2604 1244 2678 quodam
1254 2619 1371 2678 sponsu,
1379 2617 1521 2676 apparens,
1532 2603 1572 2660 ,10
1588 2603 1665 2660 ,2501
1678 2603 1728 2660 sug
1741 2616 1867 2661 auroram
1875 2617 1923 2659 η.

279 2689 410 2760 apostolis
433 2686 516 2744 lecit?
540 2687 672 2755 Quoniam
695 2686 769 2756 signa
783 2683 865 2740 multa
883 2680 1033 2748 iaciebant,
1048 2687 1076 2736 et
1128 2699 1187 2756 gp„
1199 2697 1292 2766 mittit,
1311 2709 1339 2756 ar
1353 2707 1489 2768 umquam
1506 2695 1622 2769 quodam
1647 2709 1745 2752 croceo
1757 2695 1924 2752 rciocoelom

278 2778 409 2836 nriracula
423 2793 518 2850 magna
530 2787 557 2837 et
570 2772 711 2844 mirabilia,
735 2775 807 2849 ipsos
833 2781 921 2830 tamen
938 2787 1010 2844 saepe
1031 2771 1077 2828 da·
1128 2805 1245 2858 omaus,
1260 2799 1289 2848 eg
1304 2803 1397 2848 mm,
1412 2788 1513 2846 saepen,
1523 2788 1618 2858 nubes,
1633 2796 1661 2844 gg
1673 2789 1732 2845 ,pm
1745 2787 1846 2845 opens,
1860 2802 1925 2845 gur.

281 2873 375 2946 iiiiiii
399 2873 530 2946 permisi·
552 2872 626 2944 llinis
639 2885 773 2926 0110111111
798 2867 919 2926 iiiiii?
933 2908 940 2934 r
955 2866 1076 2938 ⁰⁰¹P⁰ii⁸
1127 2899 1191 2942 rens
1206 2893 1291 2941 totum
1302 2881 1385 2950 diem,
1394 2882 1467 2939 nullo
1476 2896 1584 2938 cerrsum
1592 2879 1731 2938 obstaculo
1741 2880 1922 2952 interrumpit.

266 3029 269 3042 ¹
282 2965 394 3023 morbos
407 2964 516 3032 subire,
532 2965 559 3020 in
571 2962 705 3021 continuis
716 2975 775 3018 esse
794 2959 1025 3026 tribulationibus,
1041 2973 1076 3016 ne
1128 2974 1224 3032 ngjgg
1235 2975 1314 3048 egga,-
1327 2973 1411 3045 ppgrg,
1420 2972 1668 3046 pulchritudinem?
1681 2972 1769 3028 ,persp
1786 2971 1923 3044 mamm.

266 3050 586 3129 'signorunmagnttnrlo
600 3053 665 3110 deos
679 3050 833 3125 ipsosmet
851 3051 973 3107 loannes
987 3049 1075 3122 pulian
1127 3069 1238 3127 canent
1256 3067 1317 3126 vnce
1331 3076 1359 3125 er
1372 3067 1560 3125 innotuimus
1574 3067 1634 3139 epe
1653 3066 1923 3124 demonstrationem.

280 3147 399 3214 sicinii?
420 3155 570 3219 imiimi·
588 3154 687 3202 murtam
706 3145 816 3217 lirinis
840 3143 963 3214 gratiam,
978 3157 1076 3212 ⁰⁰fi¹¹³
1127 3163 1233 3221 Etenim
1243 3170 1271 3220 et
1281 3161 1333 3218 lroc
1345 3162 1533 3219 demonstrans
1549 3164 1657 3233 sapiens
1668 3161 1777 3234 quidam
1787 3158 1894 3219 dicebat
1912 3175 1921 3215 r

282 3235 1076 3313 essemortalepermisit,multisverovaletudinarium;nec
1130 3255 1198 3326 (Μ)
1210 3254 1321 3312 pum-gg„
1334 3254 1441 3311 mm„
1450 3253 1586 3325 ΜΨ),
1599 3252 1693 3328 (Μ),
1713 3252 1757 3309 ῃ,
1786 3251 1847 3325 gg),
1864 3249 1921 3308 pagg

279 3331 402 3404 ipsorum
415 3331 595 3388 infirmitatem
611 3331 734 3398 mutarit,
743 3337 773 3386 ut
783 3338 905 3385 naturam
919 3327 1074 3384 insinuaret.

280 3424 339 3483 lice
350 3439 427 3482 mens
446 3424 490 3480 bic
505 3437 611 3491 sermo,
625 3423 674 3480 sed
696 3422 780 3496 ipsius
793 3421 868 3479 Pauli
887 3421 926 3477 sic
937 3420 1050 3477 dicentis
1066 3436 1073 3474 ε

281 3515 317 3574 st
330 3517 396 3572 enim
409 3515 514 3588 gloriari
524 3514 624 3570 volitem
637 3556 645 3581 ,
668 3529 719 3569 non
733 3531 775 3571 ero
786 3513 924 3583 insipienr,·
936 3528 1012 3584 pareo
1024 3527 1074 3566 aa·

1128 3348 1226 3406 exboc
1249 3355 1353 3404 tantum
1374 3345 1460 3417 ipsios
1484 3345 1694 3402 imbecillitatem
1717 3343 1809 3401 ridere
1829 3342 1921 3412 datur,

1127 3440 1268 3500 sedetiam
1281 3439 1308 3495 in
1318 3437 1429 3496 nubium
1441 3437 1625 3496 concursibus.
1644 3435 1720 3493 Nube
1735 3435 1814 3508 igitur
1822 3434 1923 3518 sepius

1127 3529 1455 3602 subtuscurrente,radios
1465 3531 1653 3599 immittens,et
1661 3529 1761 3586 nubem
1769 3526 1923 3586 discindere

284 3616 345 3675 tem,
357 3624 389 3663 ne
404 3608 460 3678 quir
481 3607 508 3662 in
527 3621 568 3661 nte
581 3613 650 3677 potet
664 3621 743 3677 repre
754 3603 822 3676 qaod
835 3603 911 3670 uidet,
936 3603 975 3658 oei
1001 3602 1074 3657 audit

284 3700 382 3773 aliquid
391 3716 423 3757 ea
432 3717 472 3755 me
483 3699 584 3773 (ider.
595 3699 639 3756 11.
653 3699 730 3771 blaet
743 3712 867 3754 rursum:
881 3696 1010 3753 liebemnr
1024 3712 1074 3751 oe·

281 3803 332 3850 tem
346 3795 491 3851 tbeeeorum
502 3795 569 3850 branc
580 3795 607 3849 in
617 3795 682 3850 ocris
693 3791 811 3865 fictilibus
826 3791 905 3864 (tlte.
917 3793 944 3849 1.
956 3789 994 3864 l).
1006 3791 1075 3862 Quid

281 3895 372 3944 autent
387 3894 437 3955 est,
455 3885 488 3943 ln
500 3889 565 3943 uode
578 3885 716 3958 fictilibus?
729 3885 757 3940 ln
770 3898 883 3956 corpore
897 3883 958 3952 hoc,
977 3885 1073 3956 innuit,

280 3981 390 4037 mortali
413 3989 440 4037 et
453 3979 627 4051 corruptibili.
651 3979 726 4036 Sicut
745 3978 816 4034 enirn
831 3986 898 4034 testa
916 3993 948 4033 ex
972 3977 1028 4034 luto
1047 3985 1076 4034 et

175 4135 178 4142 ,
279 4071 343 4144 igne
357 4071 384 4128 lut
399 4073 457 4129 :sic
477 4073 596 4144 prolecto
609 4079 637 4129 et
651 4085 749 4144 corpus
773 4079 924 4128 sanctorum
949 4070 1073 4140 illorum,

282 4165 391 4222 comsit
404 4165 503 4222 luteum
516 4166 696 4239 etspiritualis
709 4165 777 4237 ignis
789 4164 934 4222 eiilcaciarn
950 4179 1075 4235 suscepe-

280 4257 327 4324 rit,
343 4263 411 4312 testa
425 4255 524 4311 lactum
539 4264 590 4312 est.
605 4256 743 4329 Elquade
755 4271 834 4312 causa
845 4256 896 4312 lroc
908 4255 1006 4312 iactum
1021 4265 1072 4323 est,

282 4355 312 4404 et
323 4346 476 4404 thesaurum
487 4347 585 4414 taient,
605 4355 632 4402 et
650 4347 795 4419 gratiarum
809 4349 912 4419 copiam
927 4349 1032 4405 mortali
1046 4355 1075 4404 et

280 4439 447 4512 corruptibili
462 4439 551 4496 intulit
562 4439 687 4511 corpori?
709 4439 742 4495 lle
763 4437 995 4510 superabundantia
1021 4441 1074 4495 oir-

280 4524 342 4580 tutia
352 4523 385 4578 ait
396 4522 488 4592 cDeo,
498 4531 521 4578 et
534 4539 585 4580 non
597 4541 614 4579 c
627 4524 698 4580 nobie
708 4521 886 4598 (ibid.).Cum
895 4523 966 4582 enim
975 4523 1075 4580 videris

279 4615 417 4688 apostolos
440 4607 561 4674 mortuos
582 4615 687 4688 quidem
714 4617 890 4685 suscitantes,
915 4618 987 4689 ipsos
1010 4632 1075 4674 vero

279 4715 453 4778 egrotantes,
468 4723 519 4766 nec
531 4707 686 4765 inllrmitate
699 4723 729 4766 se
743 4708 856 4766 liberare
866 4709 1001 4776 valentes,
1018 4723 1075 4764 ma·

275 4800 393 4860 milestcs
413 4802 487 4872 cies,
511 4803 611 4859 mortui
632 4803 855 4861 resurrectionem
867 4818 920 4858 non
935 4803 1074 4859 exrirtute

222 4909 224 4917 ⁸
276 4893 442 4964 suscitantis,
456 4893 503 4951 sed
516 4893 631 4966 Spiritus
640 4895 795 4967 operatione
805 4895 903 4953 laetam
912 4909 983 4952 esse.
996 4894 1074 4962 Quod

229 5039 230 5042 ,
276 4987 350 5043 eninr
365 4985 519 5058 frequenter
533 4992 710 5059 aegrotarent,
724 4985 785 5043 audi
803 4985 865 5058 quid
883 4985 918 5043 de
932 4985 1074 5042 'limotlreo

276 5075 349 5134 dicat
361 5069 498 5149 apostolus
513 5093 521 5130 ι
540 5075 605 5134 Vino
615 5078 715 5134 modico
725 5087 906 5150 uterepropter
915 5077 1073 5134 stomachum

275 5181 301 5227 et
312 5175 453 5244 frequentes
465 5171 625 5242 inlinnitotes
638 5180 694 5226 teor
704 5171 741 5245 (l.
753 5171 821 5226 Yinr.
831 5168 907 5244 525)
918 5179 1073 5239 ;etrursum

228 5285 237 5338 ⁶.
277 5261 313 5318 de
323 5263 394 5320 alio:
412 5263 579 5336 Tropbimum
598 5263 784 5336 cetemreliqai
798 5262 881 5318 iliieti
891 5264 1020 5334 infirmnm
1031 5262 1070 5335 (Ξ.

279 5353 349 5410 Tim.
378 5357 405 5411 l.
422 5355 481 5428 ab).
505 5356 541 5413 Et
559 5355 774 5428 Philippensibus
800 5355 921 5412 scribens
943 5355 1072 5412 dicabat:

226 5442 233 5472 ⁴
276 5447 469 5519 Epeplrroditur
484 5453 492 5486 ¹
506 5450 636 5524 egrotavit
649 5466 727 5523 prope
738 5459 842 5505 mortem
853 5448 1070 5524 (Ptltppmml).

277 5539 309 5597 st
323 5539 394 5596 enirn
408 5548 437 5597 et
449 5557 510 5598 cum
525 5544 582 5601 baec
596 5555 698 5611 essent,
707 5544 780 5614 ipsos
790 5543 854 5602 deos
864 5545 1070 5616 esseputabant,

278 5639 307 5688 et
320 5633 468 5690 sacrilleare
481 5638 622 5707 parabant,
631 5637 752 5694 dicentes
767 5654 774 5691 :
791 5635 835 5692 lla·
848 5637 942 5693 sinaites
953 5639 1014 5711 [reti
1024 5638 1071 5692 lro·

276 5724 388 5782 minibus
398 5725 579 5784 descenderent
591 5730 625 5784 oti
637 5747 683 5786 noa
694 5729 761 5802 (Aet.
777 5731 820 5787 ll.
836 5729 893 5802 11)),
910 5731 933 5787 si
946 5730 1004 5788 ilaec
1017 5747 1070 5790 non

311 5823 319 5854 ¹
337 5817 373 5870 sle
384 5817 454 5870 sarii.
465 5825 491 5870 et
501 5819 585 5871 ttorel.
596 5823 705 5886 oratuque
717 5829 780 5884 uss,
795 5824 929 5890 apopores.

1128 3637 1250 3696 conatus,
1266 3642 1320 3684 non
1331 3625 1480 3699 prevaluit,
1491 3638 1551 3681 com
1561 3622 1860 3689 essetnubescrassior,
1871 3635 1923 3678 nce

1127 3721 1180 3794 ipsi
1194 3719 1291 3778 cedere
1303 3717 1394 3778 vellet.
1413 3717 1469 3775 Sed
1481 3717 1595 3788 semina,
1609 3717 1710 3791 inquit,
1726 3715 1810 3774 nutrit
1824 3734 1833 3773 a
1845 3715 1921 3790 alqrri

1128 3828 1183 3870 non
1193 3812 1343 3885 ipseuutrit
1353 3811 1438 3882 solus,
1451 3811 1498 3868 sed
1508 3818 1623 3868 ettcrrae
1637 3810 1738 3882 indiget
1760 3824 1792 3866 ac
1803 3809 1882 3878 roris,
1894 3817 1923 3867 et

1128 3907 1276 3979 pluriamm
1286 3911 1368 3977 atque
1381 3913 1532 3971 ventorum,
1549 3903 1660 3960 etbonae
1675 3909 1862 3976 tempestatum
1873 3917 1924 3958 an·

1127 4000 1156 4056 ni
1168 3997 1378 4066 distributionis;
1390 3997 1442 4055 nisi
1454 3997 1513 4054 bec
1524 3995 1613 4054 omnia
1620 3995 1812 4063 concurrerint,
1823 4009 1922 4066 snper-

1128 4093 1201 4150 uuus
1217 4092 1247 4149 lit
1258 4092 1324 4150 solis
1338 4105 1413 4148 usus.

1163 4183 1213 4240 liei
1223 4182 1304 4241 relisa
1318 4184 1449 4256 proprioru
1469 4199 1521 4239 non
1538 4182 1660 4256 indigere.
1673 4212 1709 4224 -
1721 4180 1778 4239 lioc
1790 4197 1854 4239 rero
1869 4181 1920 4239 bei

1127 4292 1181 4333 non
1195 4285 1246 4344 est,
1258 4273 1292 4332 ad
1312 4290 1345 4332 ea
1357 4274 1476 4332 iacienda
1490 4289 1549 4346 quse
1562 4273 1630 4341 vult,
1644 4273 1704 4330 aliis
1721 4273 1859 4346 indigere:
1872 4273 1922 4330 lici

1127 4370 1200 4426 eninr
1214 4367 1330 4425 maxime
1343 4367 1490 4440 proprium,
1501 4380 1556 4423 non
1566 4364 1694 4438 indigere.
1709 4363 1769 4438 lpse
1781 4367 1853 4422 enim
1866 4379 1922 4422 non

1127 4463 1202 4520 sice
1227 4469 1299 4519 terra
1322 4461 1425 4517 semina
1449 4459 1568 4532 protulit,
1592 4459 1641 4517 scd
1665 4467 1767 4516 mutum
1783 4459 1873 4531 iussit,
1894 4465 1922 4516 et

1128 4556 1219 4613 omnia
1232 4555 1459 4628 germinaverunt.
1473 4553 1507 4610 lit
1518 4569 1624 4611 rursum
1638 4562 1667 4612 ut
1678 4554 1776 4621 discas,
1796 4571 1849 4613 non
1865 4555 1922 4612 ole-

1127 4655 1278 4706 mentomm
1291 4653 1424 4714 naturam,
1440 4645 1488 4702 scd
1509 4645 1593 4718 ipsius
1610 4646 1765 4703 mandatum
1777 4647 1866 4703 omnia
1880 4646 1920 4702 la-

1127 4755 1199 4810 cere,
1217 4739 1328 4813 ipsaque
1341 4738 1485 4808 elementa,
1505 4753 1566 4812 qne
1585 4753 1640 4794 non
1658 4747 1746 4806 erant,
1759 4737 1920 4810 producere,

1126 4833 1228 4891 ludaris
1250 4832 1351 4889 nullius
1368 4846 1420 4904 ope
1434 4846 1531 4888 manna
1549 4831 1675 4889 demisit:
1690 4831 1799 4900 Panem,
1823 4831 1921 4903 inquit,

1126 4926 1183 4983 celi
1203 4925 1273 4982 dedit
1292 4927 1328 4980 eia
1350 4923 1435 4996 (Ptol.
1451 4923 1494 4979 ll.
1508 4922 1565 4998 et).
1590 4914 1871 4995 armiductorem
1887 4923 1921 4979 ad

1126 5017 1259 5075 lmctuum
1274 5017 1468 5088 vegetationem
1481 5015 1709 5087 mentationomquc
1728 5015 1788 5071 aliis
1801 5013 1922 5087 indigere

1126 5109 1277 5175 elementis,
1287 5123 1349 5165 curn
1359 5115 1388 5165 et
1401 5107 1492 5165 moltis
1503 5107 1537 5164 ad
1547 5109 1588 5164 sui
1601 5109 1817 5165 constitutionem
1831 5118 1920 5180 egeat,

1126 5217 1177 5258 nec
1188 5202 1247 5273 ipse
1260 5200 1310 5257 sibi
1325 5198 1449 5257 sullicerc
1460 5198 1582 5273 possit¹i
1595 5199 1699 5272 Quippe
1711 5209 1740 5256 ut
1749 5197 1839 5266 radat,
1854 5199 1922 5255 caelo

1126 5293 1237 5366 indiget,
1251 5301 1376 5365 maguam
1389 5291 1540 5363 parimento
1553 5290 1667 5364 quodam
1681 5293 1839 5366 supposito:
1852 5300 1879 5348 et
1891 5299 1922 5347 ut

1126 5389 1224 5457 luceat,
1237 5387 1307 5444 aeris
1316 5387 1430 5458 puritate
1443 5396 1472 5444 et
1485 5387 1623 5445 tenuitme
1637 5385 1749 5457 Quodsi
1766 5385 1811 5444 liic
1823 5392 1922 5457 praeter

1126 5480 1236 5540 modum
1249 5480 1386 5550 densetur,
1397 5480 1442 5536 ille
1456 5480 1543 5537 lucem
1558 5493 1636 5552 snam
1648 5477 1791 5536 ostendere
1805 5493 1858 5535 non
1872 5493 1922 5551 po-

1157 5641 1167 5672 ¹
1182 5641 1227 5690 llic
1238 5639 1317 5690 scorti
1334 5649 1420 5688 snmus
1432 5636 1553 5698 sarillrm.
1564 5635 1630 5700 aprrd
1640 5636 1726 5687 ltorel.
1737 5641 1765 5686 et
1780 5631 1911 5686 umrelalc

1124 5703 1161 5752 sic
1169 5699 1247 5752 babet
1256 5702 1297 5752 bic
1311 5699 1387 5774 ¹locas
1396 5699 1539 5774 mutilatus:
1551 5697 1731 5814 affictio?
1749 5695 1814 5763 guod
1824 5695 1858 5748 od
1866 5696 1921 5768 [rte

1126 5761 1626 5892 mmmmm.
1681 5762 1720 5815 i·
1744 5759 1779 5811 ⁰⁴
1794 5770 1921 5827 ’'m''
