4142 6342
540 1029 603 1104 ΙΝ
639 1014 899 1106 vitaturi
931 1031 1012 1105 ΕΤ
1049 1031 1231 1113 UNAM
1266 1031 1589 1112 nontlnlas

622 1247 669 1306 ab
687 1245 847 1308 iocunda
865 1248 1110 1314 adsiccamus
1127 1251 1174 1313 DE
1189 1251 1342 1317 sustula

885 1461 1070 1522 clm

205 1670 430 1750 intereaque
444 1669 577 1735 loannis
594 1671 659 1736 Cbr
681 1673 814 1736 sostomi
836 1676 899 1736 tem
943 1691 980 1739 re
1004 1675 1209 1751 acciderunt,
1231 1675 1314 1740 nibil
1331 1677 1574 1742 memorabilius
1595 1678 1653 1745 illa
1674 1680 1797 1744 Antio-

157 1751 334 1814 cbcnorum
350 1749 521 1827 seditione,
537 1767 619 1830 qua,
646 1691 776 1832 rfejectts
798 1753 887 1816 Tbeo
908 1755 970 1818 osii
986 1754 1033 1818 lm
1076 1756 1194 1820 satoris
1209 1759 1242 1819 et
1264 1756 1406 1822 Flactllss
1428 1757 1499 1840 ejus
1524 1760 1637 1822 uxoris
1660 1761 1794 1836 statuis,

159 1830 339 1910 iisdemque
351 1848 407 1910 per
420 1833 534 1893 urbem
555 1831 702 1912 raptatis,
716 1831 932 1896 Theodosium
945 1834 991 1898 ita
1012 1836 1269 1912 exacerbarunt,
1283 1840 1322 1899 nt
1333 1835 1374 1902 de
1386 1837 1469 1900 urbe
1488 1836 1624 1903 delenda
1644 1840 1688 1902 sit
1700 1841 1798 1920 copi-

155 1915 273 1972 tatum.
293 1909 367 1972 llaec
397 1909 458 1972 luit
478 1909 707 1992 chrysostomo
721 1917 831 1974 nostro
846 1913 886 1975 ad
899 1914 1111 1977 concionandi
1135 1913 1322 1980 facultatem
1338 1917 1554 1982 exercendam
1567 1918 1677 1998 ampla
1692 1925 1799 1983 mate-

156 1990 233 2053 ries.
259 1989 466 2052 Antiochenis
483 1990 604 2070 quippe
623 1991 709 2054 inter
731 2009 820 2072 spem
844 1996 877 2055 et
897 1997 1018 2056 metum
1037 1991 1282 2071 tinctuantibns,
1296 1995 1374 2059 dnm
1387 1996 1548 2077 repentini
1564 2014 1660 2062 casus
1676 2014 1798 2061 noram

156 2069 475 2149 inexspectatamque
498 2070 640 2148 quotidie
667 2075 720 2135 vet
749 2072 919 2150 sperandi,
944 2072 996 2135 vel
1021 2072 1153 2136 timendi
1179 2091 1312 2138 causam
1331 2073 1505 2152 oberrent,
1526 2077 1707 2158 imparatus
1728 2076 1798 2140 iere

157 2167 285 2228 semper
304 2147 573 2232 chrysostomus,
596 2154 693 2230 prout
713 2167 765 2213 res
780 2168 852 2214 sese
872 2150 1012 2228 dabant,
1037 2152 1158 2235 stylum
1178 2157 1305 2218 vertere
1325 2158 1477 2231 mactus,
1493 2173 1536 2219 ex
1558 2159 1705 2238 tempore
1723 2156 1799 2221 illas

155 2228 367 2292 admiratione
381 2231 467 2292 certe
480 2227 592 2308 dignas
605 2229 755 2293 homilias
766 2231 1015 2324 pronuntiabat:
1029 2231 1127 2294 modo
1138 2234 1175 2294 nt
1188 2231 1223 2296 in
1244 2232 1427 2300 calamitate
1439 2241 1624 2300 remantem
1641 2237 1801 2317 poputum

157 2309 397 2382 consolaretnm
411 2307 506 2369 modo
518 2311 554 2370 ut
574 2307 691 2372 tractos
706 2309 842 2390 periculi
866 2310 1088 2392 magnitudine
1108 2312 1235 2376 animos
1252 2311 1477 2391 confirmarem
1491 2319 1562 2378 tnm
1587 2316 1751 2396 praecipue
1763 2319 1802 2378 nt

156 2388 327 2451 occasione
350 2388 586 2450 imminentium
616 2388 776 2453 malorum
802 2389 1019 2454 antiochenos
1034 2391 1076 2455 ad
1093 2391 1173 2456 ritis
1191 2392 1402 2474 corrigenda,
1417 2394 1621 2474 elnendnque
1643 2396 1800 2470 cumina,

155 2485 230 2609 guse
244 2472 367 2531 tantam
388 2467 448 2530 Dei
463 2467 545 2530 iram
566 2469 800 2544 accenderant,
828 2470 1025 2533 monitorum
1052 2469 1235 2552 trequentia
1259 2471 1456 2540 deducercts
1474 2474 1533 2556 qni
1551 2478 1639 2540 certe
1661 2479 1800 2540 conatus
1934 2469 1939 2479 '

182 2548 385 2629 brysostomo
402 2547 498 2610 cessit
510 2565 552 2610 ex
566 2552 709 2623 voto,·nt.
723 2547 778 2610 ille
793 2549 913 2613 alicubi
926 2548 1055 2614 latetur.

150 2703 153 2710 .
196 2651 307 2715 Tantas
331 2667 410 2715 vero
436 2647 601 2714 seditionis
628 2667 727 2715 causa
741 2652 822 2726 tuit,
839 2657 920 2715 teste
937 2653 1084 2725 Zosimo,
1112 2654 1212 2717 nimia
1225 2654 1442 2731 tributorum,
1464 2673 1539 2736 quc
1551 2655 1696 2737 qnobdie
1713 2673 1802 2722 nova

158 2731 438 2810 excogitabantur,
454 2731 600 2804 exactio,
616 2731 684 2825 sive
698 2747 758 2812 pro
770 2731 965 2826 celebritate·
974 2731 1080 2872 quinti
1095 2730 1218 2825 inittab
1232 2733 1369 2826 Arcadio
1383 2735 1475 2828 anni,
1492 2753 1617 2830 extquo
1631 2739 1798 2830 Angustus

158 2809 376 2890 promulgatus
392 2808 509 2903 tuerat,
525 2812 556 2873 et
570 2809 684 2904 decrmr
701 2827 778 2874 anm
796 2810 984 2904 Theodosu·
1004 2815 1195 2888 mperatorrs
1233 2827 1269 2872 ιιι
1280 2826 1369 2905 anno
1380 2810 1637 2892 dddsncrpsebat,
1656 2832 1725 2877 srve
1740 2831 1801 2894 pro

157 2888 1802 3050 trattatiustttttattttttuiuau,tumltutlaurtaaltttu:

155 2986 258 3111 fsffis
275 3052 360 3143 nota
382 3051 494 3142 erant,
509 3053 541 3110 et
562 3049 779 3130 lacrymantes
793 3048 929 3129 vectigal
948 3047 1105 3110 indictum
1122 3046 1259 3144 nimium
1270 3014 1455 3142 queruntn’r
1468 3069 1477 3111 r
1491 3051 1550 3112 liei
1565 2990 1660 3130 opegr
1677 3029 1802 3132 imploss

154 3133 241 3192 rant.
255 3128 445 3208 Derndeque
458 3126 789 3193 circumforaneomm
799 3134 831 3192 et
845 3132 1031 3191 exterorum
1042 3128 1213 3191 bominum
1226 3145 1269 3190 cx
1281 3127 1395 3192 rnflma
1408 3129 1502 3210 plebe
1515 3131 1623 3207 turba,
1631 3133 1800 3194 commotis

154 3208 290 3283 animis,
305 3208 340 3269 in
366 3207 511 3272 taeinora
534 3214 708 3289 erumpunt
732 3208 864 3288 :primo
885 3208 920 3270 in
943 3208 1076 3289 publico
1090 3207 1207 3271 balneo
1221 3207 1332 3272 omnia
1346 3225 1403 3271 sus
1421 3208 1527 3290 deque
1550 3215 1701 3289 ponunt3
1723 3209 1800 3274 binc

153 3287 297 3352 Prslecti
318 3287 450 3382 domum
463 3287 604 3361 adeunt,
620 3288 780 3352 cancellos
797 3287 1185 3429 januasquetuvadnnm
1198 3287 1321 3366 vixque
1332 3288 1464 3353 coerciti
1478 3290 1544 3352 alio
1556 3289 1704 3386 turonem
1714 3307 1801 3354 con-

154 3371 303 3443 vertunt,
316 3367 522 3448 deprctasqne
536 3369 770 3448 Imperatorum
785 3367 919 3432 tabellas
944 3369 1092 3448 apidibus
1106 3369 1277 3447 impetunt,
1292 3365 1453 3432 imdantet
1466 3367 1679 3444 labetactant3
1693 3387 1799 3450 ipsos-

154 3465 219 3540 que
234 3449 401 3542 Angustos
418 3445 597 3511 maledictis
612 3453 644 3510 et
668 3447 823 3542 conviciis
839 3452 978 3543 onerant
991 3469 1000 3509 r
1015 3447 1145 3542 demum
1166 3446 1376 3542 Imperatoris
1397 3447 1570 3542 'lbeodosii
1593 3448 1801 3546 Flacillacqne

154 3544 354 3672 tttltlt
365 3524 1800 3686 salutabaturlitatusatcuitaaattatttsrtsustratibus

20 3675 23 3682 ¹
154 3685 331 3762 seditione,
344 3625 450 3749 furori
464 3651 561 3749 timor
575 3687 741 3761 successit,
756 3691 854 3764 atque
867 3685 1063 3748 imminentis
1090 3702 1194 3764 ponsa
1213 3686 1414 3765 exspectatio
1429 3689 1561 3751 onerosi
1575 3689 1718 3768 impositi
1736 3706 1800 3751 ve-

156 3767 282 3908 ctifalis
295 3766 491 3830 obliuionem
509 3765 647 3828 induxit.
664 3766 747 3841 Quid
769 3763 841 3828 inde
859 3765 902 3828 sit
918 3781 1016 3828 conse
1041 3770 1156 3828 nutum
1172 3763 1257 3828 intra
1270 3767 1460 3830 narrabitur
1470 3767 1505 3829 tn
1519 3769 1709 3832 recensione
1722 3767 1798 3830 llo-

150 3847 198 3940 mi
213 3848 331 3910 inrum.
352 3847 424 3909 lam
444 3845 483 3908 de
497 3862 584 3910 anno
601 3845 865 3924 seditionis,quo
880 3845 1019 3908 bosnnt
1095 3842 1319 3920 itnbomilise,
1333 3845 1459 3927 aliquid
1472 3845 1656 3911 dicendum.
1743 3911 1747 3919 ,
1804 3841 1815 3871 ’·

192 3948 295 4012 Missa
309 3947 478 4012 Sosomeni
492 3954 523 4011 et
536 3947 728 4010 Tbeodoreti
750 3946 954 4022 narratione,
969 3945 1145 4026 exquibus
1162 3950 1235 4026 post
1251 3945 1374 4010 bellum
1396 3952 1510 4012 contra
1523 3948 1704 4012 blaximum
1725 3920 1811 4033 boc}

154 4029 270 4124 seditio
282 4032 315 4092 et
330 4029 502 4092 conciones
527 4027 704 4091 secundom
716 4026 805 4121 illam
822 4025 939 4088 babila
954 4025 1134 4120 statuendas
1141 4029 1249 4088 essent
1262 4045 1272 4088 r
1286 4043 1331 4090 ex
1345 4026 1431 4089 notis
1443 4027 1598 4122 temporis
1611 4026 1707 4168 Ιοιιῗο
1722 4039 1812 4122 cer-j

154 4111 315 4184 tronbns,
330 4113 406 4172 ante
420 4107 541 4171 bellum
554 4113 667 4172 contra
680 4107 859 4169 ldaxrmum
872 4105 941 4168 bac
956 4104 1111 4168 accidisse
1122 4119 1190 4184 pam
1202 4105 1384 4184 probarunt
1404 4104 1465 4166 vtrr
1486 4104 1570 4173 doctr
1592 4108 1625 4169 ot
1644 4123 1666 4186 p
1679 4109 1793 4171 umbus
1807 4167 1811 4175 .

154 4189 295 4282 assernit
308 4187 531 4282 'tillemontius
542 4188 576 4249 in
587 4191 663 4282 nota
675 4185 715 4247 27
725 4185 767 4280 nd
776 4185 883 4248 Vitam
892 4183 1064 4246 Theodosii
1076 4182 1297 4276 imperatoris.
1318 4181 1561 4281 validissimum
1576 4187 1798 4282 porroadrer-

153 4267 1142 4422 aasrttatu{lactatfttusuttaaralatti
1155 4262 1812 4426 aattrectalaubauttslc

153 4425 251 4507 coepit
262 4430 371 4490 autem
381 4427 597 4506 cumprimum
608 4427 777 4508 presbyter
786 4423 953 4486 ordinatus
964 4421 1119 4487 iuitanno
1128 4428 1272 4488 rertente
1283 4423 1355 4500 385,
1365 4424 1417 4487 vel
1427 4424 1560 4489 ineunte
1570 4423 1642 4488 888.
1654 4425 1798 4502 Quamo·
1928 4493 1933 4508 Ι

154 4505 248 4568 brem
266 4506 315 4568 rel
328 4505 362 4566 in
377 4521 499 4569 annum
513 4505 573 4568 888
586 4505 636 4568 be
652 4504 824 4569 conciones
845 4501 1047 4567 conterende
1068 4508 1164 4577 sunt,
1177 4507 1235 4570 aut
1247 4504 1355 4584 potins
1369 4503 1404 4566 in
1420 4502 1491 4566 aar.
1511 4505 1574 4567 Pro
1589 4504 1699 4584 priore
1715 4521 1798 4568 sen-

153 4586 256 4649 tentia
271 4589 334 4648 stat
346 4585 524 4660 baronius,
537 4589 569 4647 et
582 4590 655 4665 post
667 4601 741 4648 eum
754 4583 906 4646 Petarius
921 4587 953 4645 et
970 4581 1130 4646 flenricus
1139 4583 1307 4659 Valesius,
1320 4583 1378 4664 qni
1391 4582 1464 4646 ideo
1477 4583 1512 4646 in
1528 4599 1652 4648 annum
1665 4581 1726 4646 888
1738 4601 1797 4650 cas

152 4664 507 4808 fuliciunf'ftuliqissslf
521 4679 608 4728 anno
622 4663 796 4744 incipiebat
809 4661 953 4804 decimus
967 4661 1093 4804 imffiffi
1107 4661 1363 4807 Ttbeodoslidi‘had·
1379 4663 1808 4807 cn'nsnceleldsriiltlatemtuin-¹

153 4758 1701 4916 statutas,tsttstttftmtttttltattrabata,ululatatus&.
1715 4760 1799 4888 etl:

153 4905 271 4968 liorem
292 4922 392 4984 porro
409 4903 458 4966 bis
479 4905 631 4967 omuibus
648 4908 758 4966 notam
775 4903 919 4965 eruimus
936 4919 978 4966 ex
999 4919 1060 4978 eo,
1081 4901 1170 4982 qnod
1193 4900 1393 4965 Tbeodosrns
1414 4901 1596 4984 Imperator
1617 4903 1798 4968 certissimo

153 4983 437 5063 Constantinopoli
451 4988 536 5047 esset
551 5001 609 5065 per
623 4982 762 5048 biemem
777 4987 809 5046 et
822 4977 1198 5078 Quadragcsimamanct
1212 4979 1283 5057 881,
1302 4998 1370 5062 quo
1385 4981 1483 5045 etiam
1503 4998 1591 5046 anno
1605 4982 1797 5046 seditionem

153 5065 329 5146 contigisse
340 5067 468 5144 oportet
480 5084 488 5126 s
502 5081 579 5127 nam
591 5067 733 5144 tempore
745 5061 911 5126 seditionis
922 5065 1017 5124 etiam
1029 5059 1308 5141 Constantinopoli
1320 5061 1498 5125 certissime
1508 5060 1662 5144 degebat,
1678 5062 1796 5125 contra

154 5146 265 5206 antem
278 5159 367 5206 anno
380 5142 529 5223 sequenti
551 5143 612 5212 bac
624 5143 696 5224 ipsa
717 5145 907 5222 tempestate
932 5141 1172 5204 'thessalonico
1194 5139 1376 5221 Imperator
1388 5142 1591 5205 versabatur.
1606 5138 1699 5216 Quod
1716 5155 1796 5203 vero

154 5225 270 5286 contra
283 5220 418 5286 alicrtur
433 5241 475 5286 ex
493 5223 709 5286 celebratione
723 5221 801 5286 anui
819 5221 934 5284 decimi
949 5219 1134 5294 Theodosii,
1149 5221 1207 5299 qui
1221 5236 1310 5287 anno
1332 5220 1393 5283 888
1408 5220 1602 5301 incipiebat,
1616 5217 1714 5295 illud,
1736 5217 1797 5280 in-

147 5318 267 5381 -qnam,
283 5302 379 5364 nibili
393 5307 458 5379 est,
473 5320 545 5365 cum
561 5305 682 5365 certum
704 5302 745 5365 sit
761 5319 802 5364 ex
816 5301 920 5364 Fastis
935 5301 1028 5364 idatii
1045 5303 1077 5363 et
1102 5299 1282 5363 Marcellini
1304 5300 1411 5380 ipsum
1426 5300 1503 5365 anni
1524 5297 1639 5360 decimi
1662 5297 1795 5378 Imperii

153 5381 207 5444 sui
235 5381 452 5444 celebritatem
477 5399 545 5444 uno
570 5398 656 5445 auno
681 5381 892 5464 provenisse,
917 5384 955 5443 ut
970 5397 1045 5442 cum
1060 5379 1127 5441 tilio
1151 5396 1213 5442 sno
1233 5380 1390 5454 Arcadio,
1412 5381 1469 5460 qni
1495 5394 1616 5441 anunm
1644 5377 1797 5456 quintum

151 5461 285 5541 lmpem'i
311 5461 345 5524 ln
367 5460 426 5524 387
444 5462 565 5535 lnibat,
579 5479 647 5526 nna
660 5461 817 5524 decimum
829 5460 1007 5524 celebraret
1022 5458 1292 5538 quemadmodum
1312 5465 1344 5523 et
1360 5457 1578 5524 Maximianus
1602 5454 1794 5533 Herculius,

152 5557 229 5603 cnm
253 5557 377 5604 annum
401 5541 559 5605 decimum
583 5546 734 5605 octavum
755 5545 881 5604 tantum
898 5538 1029 5619 Imperii
1049 5544 1175 5620 ageret,
1191 5550 1257 5603 una
1276 5557 1350 5602 cum
1369 5537 1583 5629 Diocletiano,
1599 5536 1657 5630 qui
1672 5536 1703 5600 vi
1726 5537 1797 5598 csi-

150 5637 244 5764 :num
262 5623 395 5716 agebat,
410 5623 603 5704 vigesimum
617 5620 800 5686 celebrarit.
815 5619 863 5683 De
876 5619 937 5684 bac
949 5637 985 5684 re
1002 5627 1111 5684 autem
1124 5619 1273 5700 pluribus
1293 5619 1328 5682 in
1339 5619 1413 5682 Vita
1425 5620 1527 5682 sancti
1541 5615 1675 5680 loannis
1687 5555 1797 5695 effim-

193 5717 209 5762 s
225 5717 301 5763 oms.

191 5804 268 5870 Alia
283 5816 363 5872 reso
378 5824 445 5870 non
461 5806 567 5870 minor
583 5806 731 5871 oboritur
743 5804 930 5883 difficultas,
945 5801 985 5872 dc
996 5819 1062 5884 qna
1072 5804 1140 5888 jam
1155 5803 1189 5867 in
1202 5801 1325 5884 blonito
1341 5803 1454 5868 contra
1466 5797 1591 5868 ledeos
1609 5800 1716 5862 actum
1729 5809 1775 5862 cst
1788 5823 1805 5894 '.

107 5895 122 5968 '¹
151 5990 164 6001 .
295 5932 327 5998 8.
352 5929 706 6000 toss.cssrscsr.11.
1478 5889 1600 6010 (pm)
1700 5893 1703 5900 ’
1728 5947 1735 5950 -
