4142 6342
172 336 228 405 itu,
791 326 824 387 lli
843 324 971 383 uuttstr
990 326 1035 383 ΕΤ
1055 328 1198 410 llbltnlt.
1432 376 1437 386 .
1753 334 1808 393 suc

136 486 139 493 -
171 456 306 515 umerum
328 440 402 501 enim
423 456 535 501 smnmae
556 442 733 517 improbitatis
755 440 907 512 exemplum
933 440 965 499 in
1022 436 1166 522 ΙΙιιιιιιιιιιιιι
1179 442 1214 501 ad
1231 443 1352 517 judicum
1367 442 1589 515 tmbuaalpcrpit,
1603 440 1672 501 baluc
1689 442 1835 501 damin.¹

159 530 317 623 Jer'angeliis
331 532 405 589 illam
419 532 511 589 urbem
522 525 553 589 ir'r
571 532 689 591 medium
712 530 833 589 cbristus
852 531 963 589 addurit
1015 532 1146 606 graditur,
1159 533 1229 590 banc
1241 532 1306 590 dum
1325 533 1460 605 egreditur
1480 548 1572 591 nocem
1591 532 1704 603 quisque
1722 532 1809 590 modi·

172 623 279 699 (botrin
292 623 337 678 ll.
352 622 397 679 21.
411 620 470 693 ἥ).
487 623 550 679 Erat
564 623 644 695 igitur
655 632 682 679 et
696 622 862 693 alienigena,
881 630 909 679 et
921 622 963 680 Si·
1018 628 1089 677 tetur
1102 639 1110 675 ι
1123 622 1434 693 etennstanteraitirmo,
1443 624 1613 695 quantumuis
1625 636 1721 687 saxeus
1731 621 1811 680 luerit

160 702 272 779 'donia,
287 722 315 771 et
328 713 436 783 mulier,
450 728 531 771 serus
543 712 673 781 inirrmus,
690 722 718 771 et
740 714 813 769 omni
838 728 870 769 cx
887 722 964 787 parte
1018 713 1087 784 quis,
1102 722 1129 770 et
1148 713 1261 783 lerneus,
1283 723 1312 771 et
1329 714 1449 782 adamas,
1462 714 1572 773 minime
1584 728 1709 785 umquam
1725 712 1820 789 uddu-¹

173 803 294 860 subsidio
317 803 450 875 indigens.
467 803 619 861 Accedebat
638 804 753 879 viduitas
771 814 894 875 quartum
915 805 965 861 irn·
1018 811 1091 859 ctum
1106 804 1140 859 iri
1157 813 1185 859 ut
1198 804 1370 864 accedentem
1389 820 1535 877 pauperem
1548 804 1641 861 uacuis
1659 804 1811 864 manibusa

173 894 357 967 pedimentum
371 911 378 951 a
390 894 513 966 quintum
533 895 584 951 illis
598 895 722 952 omnibus
736 895 822 966 majus
834 938 842 963 ,
853 896 963 952 alendo·
1019 908 1050 951 se
1060 894 1187 963 dimittat,
1197 895 1220 951 si
1231 910 1323 951 uocem
1333 894 1402 951 banc
1411 894 1590 967 inscripserit,
1600 895 1624 951 si
1632 894 1740 957 uiduam
1748 900 1812 951 aule

90 978 94 985 ’
173 1001 232 1041 ιιιιιι
246 1000 311 1040 curn
335 985 491 1041 liberorum.
516 985 635 1041 studiant
649 984 750 1053 uiduae,
765 998 797 1040 ac
821 984 965 1039 liberorum
1020 987 1112 1045 oculos
1126 988 1238 1060 positam
1251 986 1384 1044 babuerit.

173 1074 303 1141 nutrices,
319 1088 372 1130 non
395 1074 476 1131 luisse
489 1074 612 1131 idoneam
623 1082 650 1131 ct
663 1074 808 1146 legitimam
828 1074 904 1131 illanr
919 1089 967 1131 cr·
1057 1076 1125 1134 Non·
1140 1078 1270 1150 propinetur
1289 1078 1371 1134 solum
1390 1078 1531 1150 excipiendi
1544 1088 1611 1135 runt.
1627 1108 1663 1125 ι-
1674 1076 1728 1135 Sed
1741 1075 1812 1133 dicet

175 1167 355 1235 cusationem,
373 1166 516 1237 quominus
529 1166 677 1237 impertiret
697 1167 911 1239 eleemosynam,
925 1166 967 1223 uel
1021 1167 1671 1241 fortassequispiam:Adducitomibipropbetam,
1682 1166 1812 1223 etcadem

176 1256 297 1329 lroepites
309 1257 447 1329 exciperet
463 1266 508 1313 :et
523 1256 637 1328 pugillus
660 1256 753 1312 iarinm
776 1257 896 1327 reliquus
910 1264 969 1311 erat
994 1331 999 1344 Ι
1020 1277 1083 1319 eum
1095 1262 1280 1319 ικῃογοιρῃιῑῃ
1294 1262 1369 1318 illum
1382 1260 1535 1332 suscipiam,
1554 1258 1612 1315 1100
1623 1259 1687 1315 mppr
1701 1255 1815 1331 promp-

177 1356 292 1415 murrum,
307 1363 338 1405 ac
352 1358 413 1419 post
428 1336 510 1403 illum'
527 1363 600 1406 rnors
621 1346 836 1418 exspectabatur.
851 1346 918 1403 llam
940 1356 968 1403 tu
1022 1363 1060 1421 te,
1075 1349 1130 1411 lum
1142 1368 1192 1426 ogo
1204 1354 1250 1411 tibi
1262 1351 1420 1425 propnetam
1434 1350 1573 1407 adducam.
1590 1349 1659 1417 Quid
1675 1350 1736 1407 dien
1749 1328 1824 1435 pro-¹¹

176 1440 286 1513 quidem
300 1439 364 1499 licet
376 1454 472 1497 omnes
484 1440 610 1511 pecunias
623 1438 791 1511 proinderis,
808 1439 869 1495 lieet
883 1436 968 1494 lacui·
1023 1444 1152 1517 plectam?
1171 1445 1259 1516 ipsum
1285 1444 1332 1500 tibi
1348 1443 1485 1515 propbetas
1508 1440 1649 1499 bominum
1673 1440 1824 1507 adducam,
1878 1484 1884 1491 .

177 1530 279 1588 tatibus
292 1531 407 1602 teipsum
423 1528 592 1601 spoliaveris,
608 1539 685 1601 potes
707 1531 740 1586 ad
760 1530 874 1587 aliorum
897 1526 969 1589 iores
1024 1550 1193 1593 communem
1214 1535 1297 1593 neum
1317 1550 1350 1591 ue
1373 1534 1514 1591 numium
1535 1540 1655 1589 umorum
1668 1530 1814 1587 christum.

178 1636 307 1693 nemen.
321 1629 401 1692 sune
423 1620 487 1678 rnre
512 1622 637 1679 solatium
663 1620 784 1679 obtinere
801 1638 807 1675 =
825 1630 880 1678 tun
906 1634 971 1699 vern
1023 1628 1084 1700 lpse
1105 1628 1179 1684 enin
1202 1626 1277 1694 arens,
1301 1625 1460 1683 stennon
1481 1641 1521 1681 nr
1542 1624 1650 1689 norme,
1674 1628 1700 1677 n
1718 1620 1817 1676 ιιιιιιιι

180 1728 267 1785 neque
291 1714 444 1770 mendicare
466 1712 573 1781 licebat,
589 1714 625 1769 ita
650 1720 743 1784 portus
757 1698 863 1769 'onrnes
885 1711 971 1769 lamcs
1025 1721 1132 1794 (battle.
1144 1720 1190 1777 25.
1205 1718 1263 1792 35).
1281 1718 1360 1787 Quod
1376 1719 1400 1775 si
1420 1718 1467 1790 qul
1487 1717 1556 1773 lorte
1571 1715 1631 1771 roci
1643 1712 1723 1770 tidem
1738 1691 1826 1767 dero-¹

180 1806 361 1862 obstruxerat.
373 1804 445 1861 ilibil
461 1813 549 1862 umen
563 1805 657 1866 burum
671 1806 817 1877 probibuit.
838 1806 929 1865 [licam
945 1816 972 1863 ct
1024 1820 1099 1883 gant,
1114 1818 1143 1868 et
1156 1810 1347 1867 buntanitatcm
1361 1822 1414 1887 non
1426 1815 1531 1876 curam,
1545 1822 1608 1863 cunr
1621 1803 1750 1875 supplicio
1764 1812 1819 1871 pm

181 1898 326 1968 septimum
362 1897 603 1969 impedimentum,
624 1899 711 1969 ipsum
734 1898 878 1965 nimirum,
892 1913 971 1969 ornem
1025 1896 1672 1975 nisquecastigatlbocdiscent.Tamquamenim
1681 1892 1817 1950 christum
1892 1926 1903 1945 .

181 1986 277 2059 muller
288 1986 404 2059 bospitio
418 1987 468 2044 luit
479 1996 632 2059 exceptura.
642 1987 708 2044 Nam
725 2002 810 2059 neque
822 1988 971 2055 larriliaris,
1026 1993 1114 2062 ipsunr
1128 2008 1182 2048 non
1194 2000 1345 2056 curassent,
1359 1992 1399 2047 sic
1411 1989 1445 2045 ad
1455 1986 1649 2045 intolerandum
1659 1982 1819 2055 supplicium

182 2094 270 2149 neque
285 2088 362 2135 notus
377 2088 453 2147 erat,
469 2080 516 2136 sed
532 2081 689 2151 peregrinus
701 2088 729 2145 ct
741 2082 855 2149 alienus,
870 2081 972 2153 etipse
1026 2070 1201 2139 abducentur.
1212 2083 1348 2153 sicigitur
1361 2089 1388 2139 et
1402 2080 1446 2151 qui
1462 2093 1592 2149 pauperes
1604 2075 1727 2141 aluerint,
1744 2072 1820 2146 quasi
1904 2104 1908 2113 ·

183 2172 320 2243 religionis
334 2172 368 2229 ab
381 2172 426 2229 illa
441 2180 518 2242 septo
531 2180 679 2241 separatus.
694 2172 785 2245 Neque
794 2186 859 2228 uero
870 2182 973 2229 tantum
1008 2246 1012 2254 ⁸
1026 2172 1163 2231 Claristum
1175 2173 1261 2245 ipsum
1275 2171 1402 2237 curarint,
1423 2170 1451 2226 in
1465 2183 1576 2241 rurgnum
1590 2166 1716 2223 celorum
1735 2164 1821 2219 intro·

184 2264 351 2335 peregrinus,
365 2270 393 2319 et
406 2272 534 2333 exterus,
549 2262 597 2321 sed
611 2262 657 2321 ille
670 2263 726 2335 ipse
736 2272 804 2334 crat,
816 2264 861 2337 qui
875 2262 973 2323 botcnr
1027 2267 1171 2326 ducuntur.
1826 2249 1830 2331 ἶ
1858 2328 1866 2340 ,

185 2353 340 2412 induxerat.
1064 2357 1109 2414 lb.
1124 2357 1250 2413 Fortasse
1263 2354 1339 2426 plura
1351 2352 1422 2411 dicta
1436 2358 1508 2417 sunt,
1523 2363 1603 2434 quam
1616 2346 1743 2419 oportuit.
1759 2343 1820 2401 [ltiv

219 2445 247 2501 9.
260 2444 330 2501 Nibil
344 2456 432 2503 tamen
452 2444 547 2502 borum
561 2445 686 2503 seminam
700 2446 808 2515 auertit,
819 2447 867 2504 scd
882 2448 922 2505 ori
935 2448 975 2505 ri·
1028 2464 1091 2506 nant
1103 2457 1192 2504 autem
1210 2446 1269 2503 dics
1289 2458 1384 2501 omnes
1404 2444 1432 2499 in
1446 2454 1584 2499 sermones
1596 2440 1631 2495 de
1649 2439 1822 2507 eleemosyna
1846 2495 1849 2499 Α

184 2536 248 2593 burn
259 2536 421 2608 porrigebat,
436 2536 508 2607 quod
530 2552 624 2593 ommes
633 2537 676 2593 illi
687 2538 763 2595 eibos
776 2538 974 2611 absumpserat,
1029 2542 1123 2617 bearet
1134 2538 1299 2610 impendere.
1313 2534 1391 2605 Quor
1404 2534 1428 2591 si
1441 2533 1516 2589 rubis
1526 2525 1823 2589 bmcsuiilceruvitkn·

185 2637 213 2686 et
226 2627 302 2685 lamis
313 2637 448 2687 auctorem
469 2628 550 2709 lamis
569 2628 687 2700 reliquiis
707 2629 852 2687 nutriebat.
863 2630 977 2701 Propter
1030 2643 1084 2700 tur,
1096 2646 1146 2704 age
1155 2628 1309 2687 summatim
1319 2626 1409 2685 omnia
1422 2624 1469 2681 ilia
1480 2630 1644 2693 mamus.
1657 2612 1824 2689 usnimada

188 2728 224 2789 te,
239 2719 334 2793 lnquit,
350 2719 487 2777 facultates
506 2733 600 2779 omnes
622 2734 691 2778 more
710 2720 745 2777 ud
766 2720 836 2777 bunc
850 2721 976 2791 pupillum
1029 2719 1296 2794 musapropbetaad
1309 2718 1415 2777 uiduam
1423 2715 1584 2781 mitteretur,
1596 2716 1824 2783 nepuupertaten

187 2810 303 2869 redactas
314 2818 395 2868 suut:
408 2810 456 2869 sed
469 2826 520 2868 nec
538 2811 583 2867 isti
596 2811 695 2883 pugillo
707 2819 750 2869 tua
766 2824 846 2871 cauea
858 2824 975 2883 peream,
1029 2814 1172 2886 despicias,
1187 2828 1223 2869 ne
1235 2809 1342 2869 diritius
1351 2808 1418 2865 taeti
1429 2805 1524 2873 lecim,
1537 2818 1573 2861 rre
1585 2801 1746 2873 loottpistuut
1757 2798 1824 2857 ber·

144 2938 147 2945 -
188 2914 281 2959 rerum
293 2908 414 2959 etmect
434 2900 533 2959 liberos
551 2916 626 2961 meos
640 2902 765 2974 objiciam
784 2904 920 2971 nortl-ut
938 2913 976 2973 tu,
1031 2916 1089 2964 rum
1101 2904 1250 2972 arbitreris,
1265 2917 1301 2959 ne
1322 2899 1458 2957 infelicem
1478 2911 1512 2953 ae
1528 2893 1702 2951 miseratione
1713 2891 1824 2963 dignum

187 2992 282 3063 iuquit,
298 2992 378 3063 buius
387 3002 482 3051 auctor
494 2994 662 3051 necessitatis
672 3008 706 3051 ne
720 2994 859 3051 minimum
869 2993 977 3064 cuidem
1031 3012 1095 3055 eum
1115 2996 1163 3069 qui
1185 3002 1303 3066 cpesute
1324 2989 1465 3062 premitur,
1484 2996 1514 3043 lli
1528 2984 1666 3044 mm
1680 2978 1826 3051 Μῦῑῑῑῦ

186 3084 355 3141 accmsitatis
368 3098 476 3141 sensum
489 3084 591 3154 capias.
606 3085 655 3143 Cui
672 3086 759 3156 potuit
773 3100 900 3156 umquam
920 3099 979 3141 rna·
1031 3102 1188 3162 cognoscas.
1202 3086 1253 3143 ilie
1263 3084 1336 3142 enim
1350 3082 1397 3139 bei
1409 3094 1470 3139 mos
1477 3084 1604 3145 aeacum
1615 3072 1828 3145 iniisti-⁵⁰¹²*

185 3178 230 3250 jus
242 3178 429 3249 hospitalitatis
443 3178 561 3237 studium
575 3180 603 3235 ia
620 3178 857 3237 mentemrenirei
869 3177 979 3235 llullum
1032 3180 1164 3245 iilatmus,
1191 3184 1221 3233 ut
1238 3175 1321 3234 rebus
1339 3173 1405 3245 ipsis
1425 3184 1456 3229 ss
1476 3174 1572 3240 parret
1586 3173 1596 3220 τ’
1610 3179 1646 3224 ¹¹0
1658 3177 1720 3225 0⁰⁰¹
1733 3168 1828 3234 ΝΜ

187 3270 268 3342 plane
278 3270 368 3327 licebit
380 3272 506 3341 reperire.
528 3270 600 3327 lton
621 3270 808 3349 peregrinum,
832 3278 860 3327 et
878 3276 980 3327 naturus
1032 3280 1203 3327 communem
1215 3265 1336 3323 omnium
1351 3261 1519 3319 saluatorem
1532 3254 1663 3326 reiemum
1675 3252 1711 3312 ab
1722 3250 1774 3354 illi}
1785 3249 1828 3308 ¹¹⁹

188 3360 330 3419 coelestim
342 3359 423 3417 oblita
434 3360 601 3429 condoleres
614 3370 705 3431 partus
723 3360 864 3433 ignorarit,
879 3368 906 3417 et
918 3374 982 3425 ceu·
1033 3359 1119 3428 dens,
1140 3366 1169 3418 et
1185 3374 1202 3416 a
1219 3354 1346 3429 rentibus
1364 3358 1530 3423 susceptam»
1550 3345 1656 3403 mii*
1668 3352 1698 3401 0²
1709 3340 1828 3445 “Q

187 3452 224 3509 lis
232 3451 267 3509 ad
278 3452 393 3509 iliorum
407 3452 511 3509 turbam
520 3451 757 3512 convenirentur
766 3450 849 3509 iracta
861 3464 914 3508 non
929 3460 981 3507 cst.
1034 3466 1096 3509 cum
1116 3450 1202 3507 malm
1221 3456 1286 3505 ante
1305 3448 1425 3518 ipsorum
1445 3438 1643 3513 improbitatem
1659 3446 1828 3507 mrum

190 3544 230 3603 dc
247 3558 292 3601 mc
311 3543 419 3615 quidem
442 3544 500 3603 scio
521 3543 676 3615 lrurpuenter
690 3542 806 3599 audiisse
827 3541 924 3599 multos
936 3542 982 3613 qui
1035 3556 1135 3614 eosque
1152 3540 1222 3598 bene
1239 3539 1274 3596 de
1290 3554 1322 3597 se
1333 3536 1446 3597 meritos
1466 3546 1566 3589 nexare
1581 3527 1754 3589 comtissa
1770 3542 1779 3581 τ
1795 3537 1830 3583 ¹¹0

190 3637 312 3694 dicerem
325 3654 333 3693 a
347 3636 394 3693 llic
411 3650 471 3693 curn
484 3650 628 3709 pauperem
645 3635 839 3707 conspexisset,
854 3634 982 3703 tunicam,
1036 3631 1200 3690 crudelitatis
1214 3644 1274 3687 esse
1284 3628 1423 3687 arbitrerls
1432 3624 1582 3685 orationem
1589 3618 1739 3692 prophew.
1749 3622 1830 3686 “illo

191 3727 316 3799 pusula
333 3736 392 3785 erar
416 3724 533 3795 indutus,
547 3740 648 3783 eruens
667 3724 767 3786 nudum
781 3724 902 3792 uestium
925 3724 984 3795 lpse
1036 3724 1239 3798 productionem
1252 3734 1349 3792 pens,
1362 3716 1410 3775 sed
1425 3716 1475 3773 rell
1485 3712 1611 3771 dirinluc
1620 3704 1830 3771 reluctarentur

191 3832 279 3887 reru,
304 3831 365 3873 errrn
380 3824 498 3874 mutuam
518 3816 553 3873 ab
573 3816 660 3873 altero
681 3823 784 3873 restem
799 3814 982 3887 sumpsisset,
1033 3815 1205 3875 utdiscasin
1227 3813 1351 3869 maximis
1370 3819 1445 3867 reete
1462 3799 1539 3863 nee
1557 3802 1639 3863 etiam
1659 3795 1833 3868 culicum

191 3908 290 3966 deindo
302 3907 424 3965 discesit
437 3926 447 3963 a
461 3917 489 3965 ut
497 3906 549 3964 boc
557 3920 683 3978 magnum
692 3904 757 3978 quid
770 3914 798 3963 et
812 3903 934 3961 mirabile
945 3904 984 3959 ui·
1038 3919 1161 3968 mmmm
1173 3914 1292 3963 nostram
1305 3903 1426 3973 indigere
1439 3918 1446 3954 ε
1466 3912 1502 3955 ne
1512 3910 1574 3953 cum
1586 3894 1621 3951 ad
1631 3890 1757 3949 eunden
1770 3899 1832 3947 cum

193 4014 254 4058 rum
264 4008 316 4057 est.
331 3999 468 4075 Siquidem
483 4014 546 4057 uere
565 4014 693 4071 magnum
704 4007 746 4057 est
757 4016 764 4053 ι
777 3996 849 4055 istud
865 4012 930 4057 uero
943 3997 984 4053 ui·
1037 3998 1170 4072 propbeta
1183 3996 1270 4053 mlum
1281 4001 1309 4049 te
1320 3991 1503 4054 adhortamur,
1516 3984 1575 4042 lieri
1586 3998 1640 4039 nou
1650 3992 1730 4053 posse
1743 3984 1831 4048 putem

194 4093 255 4149 duae
266 4091 364 4153 neum
383 4090 463 4163 buius
474 4092 560 4151 multo
571 4090 618 4149 illu
630 4074 726 4161 majus.
742 4089 808 4145 Nam
822 4089 866 4145 ille
880 4086 986 4159 quitum
1040 4099 1070 4147 ut
1083 4090 1157 4146 illum
1170 4085 1293 4145 imiteris.
1308 4082 1367 4141 Dixi
1378 4080 1414 4137 de
1432 4079 1522 4145 vidua,
1535 4090 1589 4147 quo
1610 4080 1688 4145 picit>
1706 4070 1734 4127 in
1745 4075 1834 4171 ¹2¹⁸!

196 4201 258 4243 eum
272 4200 302 4242 se
315 4184 452 4253 nudasset,
467 4200 499 4241 ac
512 4183 614 4243 nudum
630 4182 789 4254 operuisset,
802 4181 887 4252 potuit
905 4180 988 4237 abul-
1039 4178 1177 4255 angustias
1196 4174 1314 4242 redama,
1333 4170 1403 4228 lame
1415 4176 1537 4240 cogente,
1551 4180 1586 4222 ne
1599 4156 1834 4265 uerbumorudero

197 4284 255 4333 tero
267 4284 367 4333 restem
379 4276 500 4346 scopere
514 4273 591 4331 :baec
603 4288 667 4331 uero
680 4288 742 4329 cum
755 4271 847 4329 tarinae
860 4270 988 4343 pugilum
1041 4284 1166 4342 asperum
1180 4266 1309 4324 aduersus
1329 4262 1487 4334 prophetam
1500 4255 1600 4322 emisit,
1620 4260 1725 4310 *ΝΜ
1744 4262 1835 4353 ΨΜ

197 4366 373 4439 prodegisset,
392 4366 506 4427 alterum
526 4365 654 4437 pupillum
670 4364 793 4435 accipere
814 4362 924 4418 minime
942 4376 989 4432 po-
1042 4361 1123 4420 statui
1135 4361 1422 4419 consentaneumerat,
1437 4358 1518 4422 atque
1536 4342 1770 4413 boccxeuperbra
1782 4336 1833 4397 lu·

197 4457 247 4513 tuit
258 4470 368 4529 sueque
390 4456 518 4515 nuditatis
531 4463 634 4513 tuntum
655 4454 693 4509 illi
712 4454 858 4525 perieulum
870 4451 987 4511 subeunt·
1042 4455 1164 4512 daeorum
1177 4448 1282 4507 muudi
1295 4465 1302 4504 a
1316 4445 1383 4503 nibil
1397 4454 1492 4517 taruen-
1504 4440 1600 4498 nomn
1613 4437 1653 4501 tul
1666 4428 1835 4498 scaldim!

196 4551 262 4607 dun
275 4561 343 4618 erut,
362 4548 411 4609 scd
426 4559 518 4621 postea
538 4564 612 4609 mors
629 4548 713 4619 ipsius
725 4562 758 4605 ac
777 4548 922 4605 liberorum
932 4554 990 4603 erat
1043 4562 1105 4605 eum
1118 4544 1202 4601 multa
1212 4542 1287 4599 illum
1299 4538 1425 4597 comitate
1437 4544 1516 4610 arque
1526 4529 1834 4629 humanitatesusoarsl.

197 4640 386 4713 armanda.
413 4640 482 4699 Cum
503 4640 581 4712 igitur
606 4654 693 4711 neque
717 4645 881 4710 paupertate,
904 4651 991 4706 nenne
1045 4647 1181 4707 ruuntque
1194 4646 1270 4690 suam
1282 4636 1428 4701 merentem
1444 4626 1471 4683 in
1483 4624 1544 4694 ejus
1555 4612 1835 4685 bonerumrmpeudrt,

197 4733 355 4791 &edorum
375 4746 439 4791 cura
464 4732 590 4803 liliorum,
604 4744 691 4801 neque
711 4730 786 4802 praui
807 4729 886 4796 inme,
906 4744 992 4801 neque
1045 4744 1107 4787 urm
1118 4723 1227 4785 Sidonia
1240 4728 1313 4781 essm
1325 4728 1353 4776 et
1370 4716 1530 4786 alienigena,
1545 4725 1632 4783 neque
1644 4705 1789 4807 propbetas
1800 4700 1835 4763 dr

202 4817 414 4898 tanta'egestate,
428 4840 516 4897 neque
527 4823 622 4881 mortis
633 4822 832 4893 exspectatione
843 4819 923 4877 luerit
942 4820 993 4877 im-
1044 4820 1216 4886 etcenmuna
1227 4809 1445 4883 pbilosopbantes
1457 4805 1594 4869 summu,
1605 4811 1693 4905 nouus
1702 4794 1836 4853 slim

200 4917 301 4988 pedita,
313 4930 373 4988 quae
386 4916 463 4973 nobis
474 4914 577 4985 reliquus
590 4912 642 4970 crit
655 4911 791 4971 excusatio
804 4909 991 4991 locupletibus,
1045 4912 1190 4976 doenum,
1204 4905 1363 4963 iirurieruen
1380 4916 1421 4958 ute
1432 4898 1539 4966 vidistin
1558 4904 1583 4953 θ’
1595 4894 1706 4995 ‘lumi‘-
1716 4888 1837 4956 mm

201 5022 261 5076 qum
272 5006 454 5077 pauperibus?
470 5004 536 5061 linit
548 5003 673 5065 [lominus
686 5000 756 5059 lieur
768 5012 838 5071 tuus,
851 5002 873 5059 ri
882 5010 918 5059 ert
931 5002 994 5057 milli
1047 5003 1128 5075 igitrn
1143 4998 1218 5057 uenia
1230 4995 1303 5067 dirui
1313 4994 1495 5058 censebimur,
1513 4989 1538 5045 si
1553 4994 1593 5043 tot
1605 4982 1703 5085 auditu
1714 4979 1838 5037 subtil*

204 5097 277 5167 uuu·
301 5098 492 5165 munerun,
512 5098 562 5155 nte
580 5106 704 5169 nurum
724 5094 835 5169 nunu
856 5094 995 5168 sannen
1049 5092 1210 5160 munuum
1229 5098 1290 5161 peu
1305 5096 1440 5145 ulman
1457 5080 1589 5154 nonius
1610 5086 1795 5173 murnum..
1815 5067 1841 5127 ⁶⁵

203 5186 304 5259 sudrim
318 5197 343 5243 et
355 5204 446 5258 parunt
457 5190 506 5247 olei
517 5190 546 5247 in
559 5190 656 5263 locutio
670 5196 715 5247 :el
728 5206 784 5249 rrae
797 5190 890 5261 colliqo
901 5189 952 5245 dno
964 5186 996 5245 li·
1049 5185 1186 5260 proposito
1197 5197 1282 5254 resno
1294 5180 1433 5245 salvum,
1444 5190 1498 5232 ¹¹⁰¹·
1511 5172 1545 5229 Ν
1555 5168 1681 5227 imm
1689 5176 1750 5221 ⁰⁰⁰¹
1762 5160 1841 5217 ΜΨ

203 5296 265 5353 unu,
276 5288 300 5335 et
310 5278 449 5352 inprediur,
458 5290 482 5338 et
491 5282 635 5353 [millu
644 5282 706 5351 filiis
715 5262 785 5349 rneir,
796 5281 995 5349 etronsedernur,
1049 5278 1223 5339 comitatiset
1236 5273 1409 5332 humanitatis
1420 5267 1532 5343 gradun
1554 5255 1756 5361 perveniamus!
1769 5252 1856 5359 'Naar'

204 5381 228 5427 et
241 5370 386 5427 morsm.
401 5370 476 5428 ilaue
487 5371 667 5443 unusquisque
684 5372 875 5440 miserandam,
892 5371 937 5429 rel
949 5386 997 5441 po-
1051 5374 1095 5430 illa
1109 5371 1215 5443 quidem
1223 5368 1332 5426 Sidonia
1344 5364 1394 5422 luit
1402 5370 1431 5418 et
1440 5358 1598 5428 alienircua,
1606 5361 1636 5410 et
1646 5350 1742 5455 molter
1750 5344 1840 5409 idua.

205 5464 259 5521 tim
271 5462 453 5535 unusquisque
465 5462 652 5521 beatamillam
661 5476 754 5521 rocem
764 5476 797 5519 ac
809 5461 876 5519 calo
890 5461 997 5533 diruam
1050 5473 1079 5522 et
1091 5462 1234 5519 stultorum
1249 5458 1287 5515 illi
1300 5464 1359 5514 erat
1369 5467 1433 5510 cura
1443 5450 1598 5511 liberorum,
1610 5440 1788 5543 penculossm
1802 5434 1834 5488 ia

204 5555 370 5612 domnssuan
387 5554 532 5626 parietibus
552 5556 697 5621 inscribat,
712 5556 738 5611 in
759 5553 891 5622 cubiculo,
905 5555 931 5611 in
945 5570 998 5627 quo
1051 5570 1122 5613 mem
1135 5553 1281 5611 uidebatet
1294 5557 1409 5605 mortem
1432 5541 1633 5602 xmminentom,
1654 5543 1683 5591 et
1705 5533 1836 5587 lrornrnen
1859 5548 1861 5552 ·

205 5646 364 5713 dormimus,
378 5648 406 5703 in
424 5646 560 5717 correlari,
579 5647 675 5719 inuno
691 5646 861 5719 prandemus.
877 5646 951 5704 Hanc
969 5647 997 5703 in
1051 5647 1169 5719 ignotum
1186 5652 1246 5701 erat
1260 5646 1402 5709 exceptura
1417 5630 1633 5704 vituli-‘³¹⁸³'
1653 5626 1800 5686 imm·
1814 5623 1845 5675 ⁸⁸

206 5738 319 5809 cubus,
335 5739 404 5799 banc
424 5740 450 5799 in
470 5739 540 5812 loro,
562 5740 631 5817 banc
645 5742 680 5817 ip
703 5740 849 5802 ιιιιιιοιιιιιι
872 5740 995 5814 rmtiban
1053 5756 1087 5800 ne
1100 5740 1140 5799 sic
1153 5735 1260 5810 quidem
1268 5730 1367 5803 uirgine
1380 5724 1500 5801 pelisii*
1513 5740 1520 5780 ²
1534 5729 1563 5779 ²²
1570 5734 1621 5779 ⁰⁰⁵
1633 5712 1844 5791 iulii-W*
