4142 6342
166 289 201 344 25
553 303 609 392 *DE
629 303 746 364 DECEM
762 309 906 368 tttttttttt
925 314 1072 380 natent.
1093 315 1265 378 nostrone
1279 320 1430 382 udittttt.
1447 395 1450 404 ,
1769 331 1805 386 2⁶

166 415 329 471 teseittnam
341 413 479 476 bominum
487 417 562 474 salus
571 419 706 490 opulentia
716 423 762 478 iiei
773 431 824 490 est,
834 425 957 496 quemad
1013 428 1124 497 inisset,
1144 447 1197 504 quo
1219 450 1272 491 oron
1294 437 1465 495 immanitatis
1486 439 1671 512 prompissetl
1692 443 1748 499 idac
1769 441 1804 499 de

165 507 274 562 modum
284 507 384 562 Paulus
394 507 475 563 dicit:
489 508 562 564 iiiocr
575 510 600 564 io
613 512 757 568 cornibmet
767 530 812 584 per
821 531 906 570 omnes
916 519 959 587 qni
1010 535 1091 578 causa
1106 521 1264 580 haecomnia
1280 527 1349 584 Deus
1367 528 1430 586 lecit
1447 538 1474 586 et
1493 532 1606 589 instituit
1617 577 1625 602 ,
1636 543 1665 593 ιιι
1687 536 1803 595 bominis

98 661 103 666 .
164 601 281 656 invocant
296 618 352 656 eaor
367 599 456 672 (Rani.
471 600 515 657 to.
530 600 592 673 li).
606 601 658 658 Sed
671 603 768 660 dixerit
781 606 896 677 aliquis,
910 623 959 661 cur
1011 612 1205 670 immanitatem
1221 615 1293 672 iilam
1309 621 1490 689 praemoiiiret.
1511 623 1539 678 si
1560 623 1628 680 ntott
1648 627 1706 681 istis
1724 627 1804 684 rebus

164 710 248 765 crgo,
265 694 287 750 si
299 692 445 750 destinarat
464 694 599 752 remittere
618 705 645 751 et
660 696 813 753 condonare
825 699 956 768 crimina,
1011 703 1168 763 emendatus
1182 706 1250 772 fuit,
1265 722 1318 762 nou
1334 723 1415 778 penes
1427 715 1582 784 magistrum
1592 755 1600 782 ,
1612 715 1660 770 sed
1676 732 1757 787 penes
1770 719 1804 774 ii·

164 786 236 840 bunc
247 784 402 841 renouandari
413 785 512 857 jttssitl
523 786 588 841 iliud
596 796 670 842 certe
679 788 811 859 imprimis
820 789 892 844 iliius
906 789 957 854 ton

163 877 320 932 munitatem
336 877 473 944 declarat;
488 876 535 933 sed
550 892 585 932 ne
598 876 773 948 festinemus,
787 890 815 934 at
827 895 876 950 per
887 880 957 940 ordi·

164 985 226 1025 nem
240 969 415 1041 procedamus
427 969 460 1025 ad
473 969 606 1038 parabolae
618 972 822 1028 coronationem.
835 971 897 1029 Non
909 973 957 1028 lra-

163 1063 236 1116 boote
244 1071 329 1115 aureos
338 1063 442 1131 eoquod
448 1061 571 1116 reddeat.
580 1060 648 1128 Quid
658 1072 747 1118 autem
759 1072 801 1120 cst
811 1063 875 1139 iliud
886 1063 958 1136 qood

164 1152 239 1218 dieii,
247 1150 307 1206 Non
315 1151 420 1206 lrabente
426 1168 455 1207 co
462 1152 661 1225 quodredderrt?
671 1153 773 1211 Rursus
780 1155 854 1212 sides
864 1156 959 1228 ioqro

164 1244 256 1300 iritatis
269 1245 449 1301 accessionem
463 1261 541 1302 :eorm
557 1247 627 1302 enim
641 1247 724 1315 dicit,
740 1247 800 1303 Non
812 1247 917 1304 Ιιιιιιιι
928 1266 959 1306 eo

163 1335 959 1409 qaodroloeret,nibiialiuddicitquameumnrmoiumsirta-

166 1438 222 1483 tum
237 1427 343 1498 inopem
352 1426 447 1497 inisse,
458 1428 600 1484 oecultum
608 1429 708 1484 bonum
719 1443 787 1500 opus
796 1431 958 1501 possedisse,

163 1521 235 1594 qnod
255 1521 380 1591 imputari
396 1534 487 1592 posset
504 1522 538 1580 ad
560 1524 744 1580 remissionem
765 1533 958 1596 peccatorumt

163 1615 406 1684 imputantureoim
415 1615 525 1670 omooino
539 1616 615 1672 onmis
629 1617 663 1674 ad
672 1628 841 1688 peccatorum
854 1620 959 1676 reniam

164 1717 240 1762 recte
255 1706 321 1761 lacta
334 1746 343 1773 ,
358 1706 580 1777 quemadmodum
595 1717 622 1764 ct
643 1709 709 1765 tides
724 1711 757 1764 ad
769 1709 911 1782 justitiam.
925 1711 959 1766 st

165 1799 233 1853 enim
243 1839 249 1862 ,
260 1798 304 1868 qui
316 1813 367 1852 non
379 1809 509 1869 amantur,
524 1799 600 1854 medii
612 1812 697 1856 autea
708 1802 734 1856 in
749 1817 805 1856 eaor
819 1804 862 1872 qai
877 1803 959 1873 jaari-

165 1891 227 1960 ficol
239 1891 361 1962 ιἰιιριιιιι,
376 1892 517 1962 disputator
529 1892 594 1962 lidia
607 1894 663 1962 cisa
674 1894 709 1948 ad
717 1895 845 1965 justitiane
858 1894 868 1964 i
881 1894 958 1950 Rom.

165 1984 193 2038 t.
208 1981 226 2038 5
232 1983 253 2053 i.
268 1981 400 2038 (ὲιιιιιιιι
413 1983 476 2055 qnid
489 1983 576 2054 alioqu
588 1983 667 2041 tidem
681 1995 709 2040 et
723 1997 795 2042 reete
806 1985 885 2053 lacta,
898 2001 959 2044 eim

167 2073 350 2130 tribulationes
360 2089 468 2146 quoque
482 2076 646 2147 imputentur
658 2075 737 2133 nobis
746 2076 779 2132 ad
791 2085 959 2147 peccatorum

1011 791 1067 852 ium
1082 793 1127 864 qui
1139 795 1352 854 emendationem
1364 799 1425 868 loon
1441 803 1554 874 recipit,
1570 805 1647 876 culpa
1664 808 1804 864 statuenda

1010 891 1062 940 est.
1075 883 1264 942 Verumtamen
1278 887 1478 962 videamusque
1491 903 1569 964 pacto
1581 896 1638 964 eius
1653 897 1729 952 uicus
1741 898 1804 954 abs-

1011 983 1107 1046 tergat.
1133 975 1233 1034 Godana
1243 979 1321 1052 ipitar
1329 981 1364 1036 ad
1376 983 1452 1053 parles
1463 985 1529 1055 qua,
1542 986 1684 1042 obsecrabat
1698 989 1804 1045 dicens:

1011 1064 1166 1122 Patientiam
1180 1067 1244 1126 itabe
1256 1070 1284 1124 in
1297 1085 1353 1138 nte,
1369 1081 1393 1126 et
1406 1074 1492 1127 anania
1504 1075 1609 1130 reddant
1624 1077 1669 1130 tibi
1682 1076 1692 1146 l
1708 1077 1804 1133 linitio.

1011 1158 1055 1214 ts.
1069 1157 1133 1230 id).
1149 1159 1207 1216 Non
1226 1159 1312 1218 lassus
1327 1174 1368 1220 est
1383 1178 1413 1220 se
1427 1163 1493 1220 nibil
1508 1165 1607 1222 babere
1619 1167 1691 1237 quod
1707 1167 1805 1242 redde·

1011 1251 1053 1306 iet
1067 1268 1074 1304 ι
1087 1251 1135 1306 sed
1151 1251 1195 1307 bic
1207 1266 1267 1308 mos
1277 1263 1318 1309 est
1331 1251 1503 1321 debitorum,
1518 1265 1545 1311 ut
1559 1256 1585 1312 io
1600 1271 1704 1312 mmma
1716 1258 1805 1328 inopia

1012 1343 1168 1418 promittant
1194 1351 1306 1412 nmen,
1331 1360 1386 1418 quo
1411 1361 1530 1418 praesens
1552 1348 1699 1419 periculum
1721 1351 1805 1406 vitare

1011 1436 1125 1505 possint.

1036 1499 1801 1605 Precatonsm.naoinanaaeiaqaaaan.roncinum

1012 1622 1806 1699 omdar.-Audiamusquntquntignarisumusadpreean·
1865 1617 1870 1624 ’

1011 1715 1087 1784 dum,
1111 1725 1209 1787 quanta
1233 1717 1269 1773 sit
1288 1717 1503 1776 obsecrationum
1517 1709 1567 1776 ris.
1592 1719 1651 1776 Non
1675 1709 1805 1791 ieiunium

1011 1809 1167 1876 ostentauit,
1189 1825 1242 1866 non
1256 1811 1403 1866 ultroneam
1428 1819 1629 1882 paupertatem,
1647 1821 1692 1866 ant
1701 1808 1803 1881 aliquid

1011 1898 1173 1966 istiusmodi,
1189 1901 1236 1956 sed
1254 1899 1387 1968 desertus,
1399 1903 1448 1957 scd
1463 1903 1547 1958 nudus
1559 1903 1630 1958 omni
1639 1903 1747 1969 uirtute,
1760 1900 1806 1957 ubi

1011 2005 1042 2048 ac
1052 1991 1284 2060 aucmentandum
1298 1993 1553 2060 conseranensem
1571 1981 1654 2063 potuit
1669 1993 1806 2048 domiuum
1871 2033 1875 2040 .

1012 2082 1045 2138 ad
1058 2082 1268 2140 misericordiam
1282 2085 1446 2155 pertrahere.
1465 2084 1504 2140 Ne
1518 2085 1596 2156 igitur
1610 2085 1764 2140 deliciamur
1779 2085 1806 2140 in

166 2165 413 2224 eontooanooemt
431 2166 468 2224 Et
488 2166 541 2224 inne
552 2167 668 2224 declarat
682 2167 805 2224 cbristus
820 2185 866 2239 per
880 2184 959 2239 para·
1011 2174 1153 2231 fundendis
1166 2175 1299 2244 precibus.
1313 2175 1379 2260 Quia
1393 2177 1464 2232 enim
1478 2175 1530 2232 boc
1543 2175 1708 2240 sceleratior,
1722 2175 1767 2246 qui
1780 2183 1808 2230 et

167 2258 256 2314 boiam
270 2258 374 2326 Lazari,
388 2258 559 2316 introducens
572 2259 710 2316 nbrairanr
719 2260 853 2318 dicentem
869 2261 903 2317 ad
916 2262 959 2317 di·
1013 2272 1053 2322 tot
1066 2265 1223 2322 criminibus
1235 2265 1368 2322 obnoxius
1378 2275 1448 2332 erat,
1465 2275 1492 2323 et
1505 2267 1606 2322 nuibim
1622 2275 1694 2322 recte
1708 2257 1806 2320 butum

167 2350 258 2416 sitem,
272 2348 400 2430 unarum
409 2350 531 2420 accipere
543 2350 755 2408 consociationem
768 2394 775 2418 ,
789 2352 851 2422 quia
865 2352 892 2408 in
907 2353 961 2407 rita
1012 2357 1187 2429 possidebat?
1200 2357 1259 2414 lion
1273 2368 1362 2414 tameo
1384 2371 1474 2415 secum
1490 2357 1522 2413 ad
1544 2359 1625 2414 istum
1643 2357 1751 2412 modum
1766 2356 1807 2410 lo-

168 2457 214 2498 sna
230 2442 299 2498 onnia
308 2453 448 2514 acceperat
462 2443 541 2514 (bae.
554 2444 597 2500 tn.
608 2444 645 2500 25
654 2445 674 2514 ).
689 2444 809 2502 Decianat
823 2455 851 2501 et
862 2445 960 2501 Patrius
1011 2458 1110 2522 quotus
1122 2459 1174 2515 est,
1188 2449 1246 2505 ilon
1260 2449 1346 2506 audeo
1359 2449 1439 2520 ioqui,
1456 2449 1556 2520 pudore
1569 2449 1664 2519 plenus
1677 2462 1746 2513 snm,
1760 2448 1806 2517 qui

168 2533 202 2588 ad
223 2534 376 2590 corinnnios
391 2534 427 2591 de
445 2533 607 2591 iomicatore
624 2536 764 2592 scribens:
777 2534 882 2590 Tradite
894 2537 961 2590 asor
1012 2549 1107 2612 potero
1117 2541 1315 2611 accedereiqni
1328 2549 1422 2610 potero
1432 2539 1606 2608 oraretquod
1618 2539 1736 2610 plerique
1747 2553 1808 2608 pec-

169 2625 294 2681 bominem
308 2637 403 2682 satana
416 2626 559 2682 inexilium
571 2627 672 2694 marris,
687 2637 716 2680 at
729 2627 833 2697 spirim
849 2635 961 2680 urserat
1011 2639 1132 2686 catorum
1143 2627 1253 2698 dicunt,
1267 2631 1396 2686 diabolica
1410 2630 1563 2687 laborantes
1577 2629 1728 2684 timiditate.
1744 2627 1802 2683 Non

171 2717 216 2786 (l.
232 2716 290 2772 Gor.
306 2719 332 2774 ii.
346 2718 397 2788 5).
413 2718 448 2774 Ει
461 2718 529 2774 aiios
541 2719 586 2788 qui
602 2727 779 2790 peccaverant
798 2720 959 2783 coniectans,
1012 2721 1089 2778 adest
1103 2722 1149 2776 tibi
1164 2721 1258 2776 tiducia
1272 2721 1397 2792 loquendi
1407 2722 1420 2774 i
1431 2721 1573 2793 Propterea
1584 2719 1690 2785 accede,
1708 2728 1736 2773 ut
1750 2733 1808 2774 ma·
1858 2791 1863 2798 Ι

169 2810 204 2864 ad
220 2809 291 2865 burm
303 2808 411 2864 modum
424 2808 505 2865 rerba
519 2807 583 2865 iacit
597 2827 604 2862 z
621 2807 685 2864 ideo
703 2809 730 2863 in
747 2807 816 2863 oolla
832 2808 906 2863 orsiti
918 2809 961 2863 io·
1011 2812 1098 2884 iorem
1113 2812 1235 2868 idirciam
1244 2827 1332 2883 pares.
1346 2812 1495 2867 Nomeoim
1506 2812 1587 2868 nonno
1598 2821 1648 2878 cst,
1663 2823 1741 2882 quem
1755 2809 1809 2880 pia·

170 2901 241 2970 firmi
252 2910 276 2957 et
288 2902 397 2972 apreli,
411 2911 435 2956 rt
448 2901 577 2956 derodant
595 2902 669 2956 malti
682 2918 693 2955 .·
709 2901 733 2955 ai
744 2902 810 2955 enim
830 2917 876 2956 noo
894 2902 962 2972 ipsas
1012 2917 1075 2960 care
1086 2904 1179 2973 copis..
1195 2911 1223 2958 ut
1237 2901 1339 2973 pudore
1353 2911 1380 2957 et
1393 2901 1549 2958 remeantia
1564 2899 1737 2956 laborandum
1751 2899 1808 2955 siti

98 3052 101 3060 ,
166 2991 350 3066 judicaremur,
364 3009 415 3047 non
428 2994 513 3064 utique
520 2991 706 3064 judicaremur.
718 2991 782 3048 Cana
795 3001 878 3046 amena
885 2992 961 3063 jadi·
1013 2995 1084 3051 ileus
1096 3003 1138 3050 est
1150 2995 1194 3062 qni
1210 2995 1317 3063 magis,
1331 3009 1409 3063 qnam
1431 3001 1458 3048 tu
1473 2993 1549 3064 ipse,
1564 2999 1673 3064 exoptat
1686 3001 1711 3046 te
1724 3006 1740 3046 a
1753 2991 1807 3046 cri·

169 3099 258 3138 carnion
269 3101 287 3138 ιι
303 3083 433 3151 Ponione,
453 3084 614 3154 cartiaarnar,
628 3093 655 3136 ιιι
674 3099 725 3138 nan
736 3099 794 3136 cam
807 3083 855 3138 das
869 3082 963 3136 alands
1013 3088 1132 3144 minibus
1145 3088 1273 3151 liberari:
1289 3101 1342 3142 nnn
1356 3095 1384 3142 tu
1397 3095 1535 3157 tantopere
1550 3094 1622 3141 tuam
1637 3085 1807 3140 securitatem
1845 3081 1854 3100 '

169 3173 320 3230 dmmenar
329 3176 338 3246 i
348 3177 375 3231 t.
387 3177 448 3232 Cor.
460 3176 504 3231 tt.
517 3176 560 3231 bi.
574 3173 639 3249 δι).
651 3174 679 3232 si
691 3185 781 3230 autem
792 3175 962 3242 tentationes,
1013 3179 1181 3250 concupiscis
1196 3219 1203 3246 ,
1224 3187 1388 3249 quantopere
1409 3178 1454 3233 iiie
1472 3186 1544 3232 tuam
1559 3177 1671 3232 satutem
1684 3175 1785 3245 expetit
1800 3191 1807 3228 ε

170 3269 268 3338 morbi,
283 3269 465 3336 inllrmitates,
482 3277 509 3325 et
520 3269 609 3324 carinis
623 3270 751 3335 exitium,
764 3284 825 3339 quae
842 3283 892 3324 nec
904 3275 962 3324 stu-

168 3359 228 3427 dio,
239 3375 289 3416 nee
301 3361 436 3416 voluntate
449 3361 750 3439 patmumimputantur
762 3359 839 3442 nobis
852 3358 886 3413 ad
900 3372 964 3428 pec·

169 3461 292 3508 catorum
312 3453 500 3518 abolitionem,
517 3452 601 3508 inuito
616 3451 700 3523 mapis
712 3460 786 3507 recte
799 3449 868 3506 iacta
880 3491 889 3516 ,
903 3465 964 3521 quae

98 3552 101 3557 ·
169 3544 310 3599 roiurrtate
318 3552 347 3600 et
358 3543 447 3599 studio
457 3545 650 3614 persequimur.
662 3542 730 3598 Huic
742 3550 831 3598 autern
844 3543 964 3597 omnium

169 3635 304 3692 Ιιοιιιιιιιι
317 3636 406 3715 inopia
417 3643 492 3701 erat,
508 3649 577 3690 onus
588 3643 681 3691 contra
693 3643 863 3703 peecatorum
876 3632 965 3688 maxi·

169 3743 247 3784 mnm
261 3736 308 3793 ,et
318 3728 423 3784 sarcina
433 3713 617 3798 impoitabiiis.
631 3725 733 3782 ideireo
745 3726 828 3793 dicit,
845 3723 907 3780 ilco
916 3725 966 3780 ita·

171 3818 517 3882 encolismensium,
527 3819 606 3889 jaaril
618 3834 677 3873 eam
690 3817 837 3872 umanrdari
849 3817 859 3888 (
870 3816 964 3872 liattle

172 3911 219 3968 ts.
233 3911 300 3986 25).
324 3912 361 3968 Er
388 3910 439 3967 boe
459 3911 625 3981 potissimum
645 3907 708 3965 iicet
720 3907 821 3964 domiui
841 3907 966 3963 leumani-

172 4011 255 4061 tatem
275 4004 445 4074 perdiscere,
466 4001 539 4073 quod
552 4011 579 4058 et
591 4001 723 4056 mdoroem
737 3999 867 4068 instituit,
880 4005 908 4055 et
922 4014 966 4054 ιι-

172 4077 296 4150 numdari
308 4093 387 4165 inussit
403 4111 410 4148 τ
426 4093 505 4148 ambo
524 4093 596 4148 enim
617 4092 667 4146 ina
688 4090 757 4146 iacta
777 4098 840 4145 suin
858 4090 886 4144 in
904 4103 966 4144 ema

173 4184 275 4247 linem,
296 4191 325 4238 ut
340 4199 394 4239 non
412 4182 585 4238 venderetur.
600 4181 677 4240 Uinde
690 4180 716 4236 id
732 4180 834 4250 liquet?
846 4195 862 4234 a
876 4193 967 4234 rerum

173 4276 249 4332 exito
263 4293 270 4331 r
284 4275 307 4330 si
321 4276 394 4330 enim
408 4276 553 4342 voluisset,
565 4274 628 4346 qais
642 4274 764 4338 obicem,
778 4272 839 4343 quis
852 4270 966 4341 impedi·

173 4377 295 4424 mentum
309 4367 464 4424 attulisseti

211 4459 239 4516 6.
258 4459 390 4527 Quorsum
403 4459 484 4530 igitur
496 4458 676 4515 reoiiuooen
687 4455 838 4529 imperarit,
850 4469 912 4510 cnm
924 4454 967 4509 ni·

175 4550 214 4606 bii
229 4551 281 4606 tale
295 4551 383 4606 iacere
395 4551 551 4607 stoluissetl
565 4550 598 4607 iit
611 4558 723 4622 augeret
734 4559 851 4615 toletum,
867 4557 967 4604 metum

176 4655 245 4696 aero
256 4640 330 4696 amit
341 4655 389 4710 per
401 4641 495 4707 minas,
507 4649 537 4695 ut
546 4657 607 4697 enm
618 4641 652 4696 ad
662 4641 881 4712 supplicationem
894 4654 969 4694 eom·

176 4731 311 4804 pellerem
326 4731 360 4786 ad
369 4732 587 4802 supplicationem
598 4731 745 4802 compulit,
761 4740 790 4786 ιι
800 4731 968 4786 occasionem

176 4822 309 4880 donandae
320 4823 407 4878 reniae
422 4821 544 4878 baberet.
559 4821 667 4877 Poterat
685 4831 712 4876 et
725 4829 788 4878 ante
801 4819 970 4892 deprecatio-

177 4929 240 4969 nem
249 4929 311 4970 euro
322 4913 435 4970 liberum
446 4913 546 4969 ιιιιιι
557 4911 645 4968 alieno
654 4911 898 4975 dimitteremus
909 4910 971 4966 inde

177 5006 251 5060 iilum
268 5004 429 5061 deteriorem
442 5003 561 5073 iaceret,
579 5004 615 5060 ita
633 5005 770 5075 sogessit.
787 5004 894 5058 Poterat
908 5013 971 5058 ante

178 5095 308 5150 ratiamcm
324 5094 416 5150 inritam
428 5094 533 5150 reniam
548 5095 714 5161 concedere,
728 5094 776 5150 sed
791 5107 825 5150 ne
846 5095 971 5164 ignorans

178 5185 277 5240 molem
298 5186 430 5242 scelerum
450 5201 581 5250 suornm,
600 5185 770 5241 brbromanior
790 5195 818 5242 ιι
837 5185 972 5242 crudelior

178 5291 242 5348 erga
257 5279 391 5348 proximos
405 5287 488 5345 esset,
502 5278 564 5334 ideo
575 5278 613 5333 iiii
627 5279 700 5348 prius
713 5278 860 5344 declararit
869 5277 911 5335 sui
924 5279 973 5334 de-

179 5368 228 5424 biti
241 5369 469 5440 magnitudinem,
485 5385 518 5426 ae
529 5379 585 5425 tum
598 5369 706 5425 demum
718 5371 743 5425 ei
756 5369 859 5429 remisit
870 5369 971 5427 omnim

178 5460 245 5515 Nam
258 5463 280 5516 si
296 5460 385 5517 babila
405 5461 510 5518 mdone
523 5475 555 5516 ac
572 5475 627 5516 are
637 5460 725 5514 alieno
738 5470 971 5530 commonstrato,

179 5549 312 5625 rorirdsqde
327 5555 427 5622 illatis,
442 5564 470 5611 et
482 5541 707 5611 condemnatione
721 5555 875 5623 proposita,
892 5568 972 5625 qmm

180 5644 313 5700 sustinere
325 5643 491 5713 merebatur,
505 5643 574 5701 adeo
586 5643 658 5701 ienis
675 5649 704 5700 et
724 5642 841 5700 crudelis
860 5641 908 5700 luit
921 5643 970 5700 ad·

181 5746 273 5794 torsus
285 5751 364 5795 suum
377 5750 551 5805 conservum
567 5735 589 5792 si
608 5733 673 5792 nibil
695 5735 804 5792 istorum
823 5734 971 5797 adhibitum

1014 3272 1095 3343 idque
1115 3271 1194 3327 rebus
1217 3271 1282 3340 ipsis
1302 3269 1404 3325 docuit.
1427 3268 1484 3324 rtoo
1505 3267 1588 3324 babes
1612 3265 1757 3322 induciam?
1771 3265 1809 3320 Eo

1015 3360 1075 3433 ipso
1091 3371 1167 3434 potes
1190 3360 1312 3417 dduoiam
1333 3359 1449 3427 babere,
1464 3359 1535 3430 qnod
1560 3359 1594 3414 ita
1615 3357 1726 3414 adactus
1748 3356 1809 3411 sis:

1016 3455 1130 3510 maxima
1142 3453 1213 3509 enim
1229 3452 1383 3519 lidueiaest,
1393 3467 1455 3507 cum
1468 3451 1527 3522 quis
1539 3465 1570 3506 se
1582 3449 1717 3506 existimat
1727 3447 1810 3503 iidcro

1016 3561 1069 3602 non
1083 3546 1192 3603 debere.
1204 3545 1270 3602 Nam
1284 3553 1314 3601 ut
1328 3560 1499 3616 summopere
1513 3544 1635 3616 pudenda
1648 3559 1692 3600 res
1703 3550 1754 3607 est,
1765 3541 1810 3612 ju·

1016 3637 1132 3694 stilieare
1145 3639 1264 3708 seipsum
1278 3651 1368 3693 ceram
1383 3636 1497 3692 [leonino
1513 3654 1520 3692 :
1536 3635 1580 3691 iiic
1597 3635 1669 3691 enirn
1690 3634 1811 3704 impurus

1015 3736 1059 3784 est
1071 3729 1231 3799 quicumque
1253 3727 1280 3783 id
1305 3727 1385 3792 iacit,
1400 3727 1505 3783 etiarnsi
1520 3724 1645 3781 ononiims
1660 3723 1811 3779 ironoinibus

1016 3820 1135 3876 sanctior
1155 3819 1235 3876 iocrit
1250 3837 1257 3874 ι
1275 3822 1309 3876 ita
1328 3835 1434 3890 quoque
1451 3818 1539 3890 iustus
1554 3818 1602 3883 dt,
1618 3819 1663 3887 qui
1685 3831 1714 3872 se
1726 3814 1835 3871 credit·

1017 3911 1137 3965 omnium
1161 3909 1298 3967 bominum
1320 3919 1469 3965 extremum
1489 3923 1559 3964 esse.
1575 3907 1656 3978 Culus
1675 3907 1715 3962 rei
1730 3914 1812 3961 testes

1017 4010 1081 4056 sunt
1095 3999 1245 4054 Pharisaeus
1257 4009 1284 4055 et
1297 3999 1465 4069 politicanus.
1486 3999 1525 4055 Ne
1545 3999 1624 4069 igitur
1643 3995 1811 4067 despondea-

1018 4106 1079 4147 mus
1099 4090 1215 4146 aoimom
1237 4091 1272 4146 ob
1288 4099 1418 4162 peceato,
1438 4105 1525 4162 neque
1547 4090 1739 4160 desperemus,
1764 4086 1811 4143 sed

1018 4183 1146 4239 adeamus
1158 4183 1251 4247 ileum,
1261 4183 1440 4252 procidamus,
1451 4167 1633 4250 obsecremus,
1643 4177 1813 4252 quemadmo-

1018 4275 1082 4330 dum
1099 4276 1148 4330 iste
1163 4273 1243 4333 iecit,
1258 4273 1388 4330 inactenus
1402 4274 1471 4330 bona
1490 4281 1581 4330 merite
1600 4287 1673 4328 ustos.
1693 4271 1750 4327 iion
1764 4271 1812 4326 de-

1019 4365 1154 4437 spondere
1165 4366 1299 4430 animum,
1314 4380 1367 4420 non
1383 4366 1536 4436 despumare,
1550 4363 1671 4421 coniiteri
1682 4369 1812 4433 'peccata·,

1018 4457 1156 4530 postulare
1176 4456 1330 4512 dilationem
1351 4456 1467 4527 aliquam
1488 4463 1658 4522 simmam,
1678 4460 1705 4508 et
1725 4452 1812 4506 ornnia

1021 4550 1070 4604 ista
1083 4549 1152 4604 bona
1166 4556 1228 4602 sunt
1240 4557 1269 4602 et
1282 4547 1379 4603 meretis
1397 4545 1538 4608 constritae,
1559 4553 1587 4600 et
1605 4542 1701 4598 anima
1724 4541 1813 4596 buoni·

1021 4641 1100 4694 iiatat.
1115 4637 1248 4707 Quoiam
1270 4643 1428 4706 sequuntur,
1447 4647 1613 4705 nequaqnam
1634 4632 1729 4688 similia
1752 4638 1815 4685 sunit

1020 4732 1203 4803 superioribus
1217 4749 1224 4785 :
1237 4744 1298 4801 quae
1316 4729 1387 4784 enim
1400 4741 1449 4798 per
1465 4721 1684 4797 supplicationem
1699 4735 1814 4791 congre-

1020 4829 1151 4892 qnverat,
1171 4819 1229 4874 bmc
1242 4819 1332 4874 omnnia
1350 4819 1376 4872 in
1390 4817 1543 4872 uuiversum
1558 4813 1650 4871 eiludit
1663 4825 1711 4883 per
1725 4811 1810 4876 iram,
1832 4887 1837 4897 Ι

1021 4927 1102 4983 quam
1117 4912 1143 4966 io
1160 4911 1310 4981 proximum
1324 4909 1452 4966 armauit.
1467 4907 1521 4963 Sed
1530 4906 1586 4978 ianr
1599 4904 1631 4960 ad
1644 4903 1751 4958 modurn
1767 4901 1816 4955 do-

1022 5013 1093 5058 natm
1104 5002 1190 5057 renim
1204 4999 1388 5070 procedamus.
1404 4998 1547 5054 Videamus
1567 4993 1720 5067 qualitatem
1740 4992 1816 5046 istius
1834 5057 1837 5068 Ι

1022 5091 1190 5150 remissionis
1202 5131 1209 5156 ,
1223 5099 1250 5146 et
1260 5091 1356 5162 quibus
1368 5090 1447 5146 mbos
1459 5089 1492 5143 ad
1506 5086 1532 5142 id
1547 5085 1672 5142 domiuus
1684 5081 1815 5138 adductos

1022 5185 1115 5242 luerit.
1141 5183 1259 5238 diluatur
1280 5183 1348 5238 illisa
1369 5183 1504 5246 dominns,
1528 5179 1613 5249 inquit
1631 5173 1814 5246 evangelista,

1022 5275 1127 5332 moion
1142 5291 1199 5332 eaor
1209 5315 1216 5338 ,
1228 5283 1251 5330 et
1263 5275 1374 5330 aaaron
1385 5274 1479 5329 remim
1492 5271 1502 5344 (
1511 5269 1602 5324 Matri.
1619 5268 1663 5324 i8.
1680 5267 1715 5321 27
1726 5263 1746 5337 i.
1770 5264 1817 5320 iiie

1023 5367 1179 5423 ditationem
1194 5365 1280 5436 petiit,
1294 5367 1345 5422 iste
1357 5365 1461 5421 rentiam
1471 5362 1620 5428 concessit,
1636 5359 1704 5416 adeo
1714 5357 1817 5428 utplus

1023 5461 1144 5530 coperit,
1160 5472 1238 5530 quarn
1256 5459 1405 5530 postularit.
1419 5457 1585 5526 Quapropter
1598 5453 1697 5508 Paulus
1712 5451 1816 5521 inquit,

1021 5552 1075 5618 tn,
1087 5554 1131 5620 qui
1143 5561 1221 5624 pateat
1233 5553 1318 5608 omniu
1330 5555 1413 5621 {mere
1426 5544 1669 5617 superabundantior
1681 5559 1756 5615 quum
1770 5559 1816 5612 pe·

1025 5645 1120 5708 tiator,
1135 5653 1178 5699 ιιι
1190 5637 1329 5714 capiamur
1341 5639 1449 5712 (Epiros.
1464 5637 1491 5691 5.
1503 5635 1562 5706 ab).
1578 5634 1635 5690 rina
1656 5635 1726 5689 enirn
1741 5641 1818 5702 potes

1027 5735 1142 5808 cogitare
1158 5744 1228 5792 ιιιιιι
1241 5775 1249 5803 ,
1263 5742 1362 5806 quanta
1379 5729 1424 5784 iiie
1446 5728 1560 5785 instituit
1578 5725 1679 5784 donare
1699 5723 1756 5782 tibi.
1778 5721 1818 5778 ile
