4142 6342
184 419 233 477 set
862 484 874 512 x
907 414 1093 473 eatstan-u.
1204 414 1212 429 ⁹
1762 402 1815 462 libi

179 533 293 588 lructtrrn
314 543 394 605 :utrque
416 533 620 591 oblectationem
644 515 778 604 prebent?
790 531 967 598 Quamobrem
1025 545 1174 599 pra-carnus,
1190 540 1217 585 nt
1230 537 1254 583 et
1273 537 1416 599 pter-sentes
1429 524 1589 581 tentationes
1600 522 1811 595 exstinguantur,

158 642 162 653 ·
180 622 300 690 insidias,
317 625 478 689 uexationes,
493 640 575 695 opnrn
585 625 727 695 jacturam,
742 624 881 680 continuas
894 622 968 677 inco·
1022 635 1072 674 nec
1082 620 1141 675 alite
1155 620 1263 690 insuper·
1274 620 1420 685 accedant,
1435 619 1594 677 dominicam
1608 617 1711 675 scilicet
1726 616 1811 687 legent

180 728 239 768 rum
255 716 429 780 mutationes,
444 726 523 787 atque
542 716 570 771 in
585 726 675 771 extera
691 715 799 787 regione
816 729 968 771 contrnora-
1021 709 1178 780 explentes,
1199 728 1259 783 qum
1278 727 1344 779 nos,
1365 712 1438 769 neiu
1455 712 1629 768 tentationem
1645 708 1811 775 incidamus,
1906 708 1908 713 '

179 808 277 861 tiortem
290 806 460 864 considerare
472 809 627 879 supersede,
642 818 721 881 atque
736 808 795 865 hnc
807 808 862 863 lnto
875 806 968 878 qnoais
1021 802 1126 871 precari
1141 801 1217 871 jubet
1232 802 1346 874 (lluttlt.
1359 804 1404 860 su.
1416 803 1468 879 tt)
1481 822 1487 859 :
1500 804 1544 859 sin
1558 813 1649 859 antem
1663 800 1733 857 licus
1753 802 1813 855 rui·

179 897 256 951 uilius
271 899 437 967 proculcans,
451 913 498 955 eos
511 900 652 955 thesauros
666 899 712 970 qni
727 899 848 954 hinctihi
862 896 968 953 incaelo
1019 907 1080 947 snm
1094 894 1192 948 exoriri
1207 895 1294 963 sinat,
1317 895 1351 951 de
1372 911 1454 953 aurea
1475 904 1519 952 tua
1540 896 1642 959 aalma.
1669 908 1728 965 111111
1750 892 1812 947 11111

177 996 312 1051 creantur,
328 999 512 1062 questumque
530 991 577 1061 qni
596 990 730 1046 exhauriri
744 999 771 1047 et
783 990 904 1056 corrsnnti
918 1003 967 1043 nc·
1020 983 1100 1038 ctiam
1114 983 1290 1055 amplissimas
1303 986 1354 1041 sibi
1369 1002 1434 1057 opes
1448 986 1565 1059 aggerit,
1579 984 1650 1041 boun
1669 1000 1701 1039 ac
1720 980 1811 1039 lidenti

177 1079 251 1149 quit,
262 1092 343 1151 atquo
356 1098 421 1153 opes
434 1083 468 1138 ab
482 1083 553 1138 ornni
568 1067 722 1153 praedonum
737 1082 833 1153 iniuria
853 1090 922 1137 tutas
941 1088 969 1137 or
1019 1072 1109 1129 animo
1123 1090 1225 1130 snmus.
1233 1076 1338 1131 Etenim
1350 1076 1463 1148 qna'uam
1474 1094 1505 1135 re
1513 1089 1643 1135 terrorem
1654 1074 1701 1132 tibi
1715 1072 1811 1129 afferre

101 1228 105 1235 ‚
177 1169 311 1227 immunes
331 1174 421 1231 animo
435 1174 579 1245 perpende.
593 1178 627 1230 ht
640 1190 737 1245 corpus
751 1186 823 1231 tunm
838 1174 873 1231 ub
891 1173 967 1228 taho-
1019 1175 1154 1235 poter-unt,
1167 1168 1211 1239 qui
1226 1168 1252 1225 itt
1266 1186 1343 1225 sutttn
1353 1180 1432 1241 caput
1442 1186 1570 1243 suamquc
1582 1168 1725 1241 perniciem
1735 1166 1812 1239 quid·

178 1273 223 1315 res
234 1271 262 1318 et
272 1279 404 1320 acrunruas
420 1267 489 1321 nrale
501 1265 625 1321 affectum
638 1277 700 1333 est,
718 1266 887 1336 hostiumque
900 1263 967 1319 insi·
1020 1260 1060 1314 ris
1070 1262 1188 1331 aggressi
1200 1264 1279 1319 eunti
1289 1265 1411 1334 llpumne
1419 1262 1598 1319 detrirncntoi
1608 1264 1643 1319 ltr
1653 1258 1717 1317 illud
1730 1260 1811 1331 probe

177 1350 230 1406 dim
242 1355 363 1410 morbum
375 1355 562 1413 adduxerunt?
573 1356 705 1413 Nimirum
721 1356 839 1427 ingentis
856 1355 967 1411 alterius
1019 1351 1089 1421 scio,
1103 1363 1128 1407 te
1142 1369 1187 1409 cas
1202 1354 1318 1425 pulueris
1333 1357 1416 1412 instar
1428 1355 1537 1423 imitere,
1550 1371 1582 1411 ac
1592 1355 1685 1427 quotis
1701 1354 1755 1409 lnto
1769 1352 1810 1407 ri-

177 1452 256 1514 atqnc
270 1446 409 1503 irtedabilis
421 1461 539 1521 quaestus
554 1450 695 1506 materiam
706 1450 770 1505 milti
784 1462 876 1505 rtrrstts
890 1461 966 1505 com-
1019 1443 1100 1503 liarcs
1112 1448 1276 1505 existimare.
1292 1450 1333 1503 rin
1346 1450 1438 1521 patriae
1451 1464 1482 1507 ac
1494 1449 1589 1505 tlemus
1605 1446 1765 1503 amissione?
1777 1447 1810 1501 ht

177 1550 318 1593 memoras.
342 1539 400 1595 Scis
420 1540 509 1607 eninr,
525 1542 730 1611 scis,irrquam,
746 1540 841 1611 piane,
861 1547 967 1611 quante
1019 1544 1049 1590 tu
1068 1537 1174 1606 amplas·
1190 1540 1270 1595 etiarn
1290 1555 1323 1597 ae
1342 1539 1495 1612 lreqnentes
1512 1538 1592 1597 urbes
1610 1554 1664 1595 nnn
1688 1552 1765 1593 secus
1779 1552 1812 1593 ac

177 1623 263 1681 laudis
285 1628 340 1698 sit,
362 1632 486 1703 corporis
504 1633 627 1688 morbum
640 1644 771 1703 generoso
784 1634 875 1687 anime
888 1639 968 1701 atqnu
1018 1628 1176 1686 solitudines
1199 1630 1315 1689 incolere
1330 1634 1416 1700 nosti,
1441 1644 1472 1689 ιιι
1489 1648 1548 1705 qum
1567 1631 1594 1689 itt
1609 1632 1664 1688 otio
1676 1644 1708 1687 ac
1721 1628 1811 1703 quiete

176 1734 237 1774 curn
251 1723 397 1791 gratiarnm
411 1708 611 1781 actioneierre.
622 1726 695 1792 lluc,
705 1734 735 1781 ut
747 1739 819 1795 sepe
829 1723 902 1791 diri,
916 1722 969 1777 la-
1019 1733 1099 1775 omne
1115 1720 1175 1776 ritm
1198 1731 1301 1795 tempus
1315 1726 1495 1797 transegeris,
1517 1736 1597 1797 atque
1617 1722 1728 1795 huiusce
1748 1721 1811 1776 titre

176 1826 240 1865 raro
253 1827 381 1869 eoronam
401 1818 490 1873 attulit
505 1835 513 1872 :
528 1817 580 1874 lroc
594 1819 621 1873 in
634 1818 694 1874 lobi
707 1817 899 1873 certaminibus
909 1815 968 1871 dia·
1018 1826 1131 1881 pompas
1143 1828 1249 1885 semper
1267 1817 1432 1887 protriveris.
1448 1820 1482 1873 ht
1498 1826 1610 1875 mortem
1633 1813 1811 1872 minitantur?

176 1902 264 1957 bolum
280 1903 424 1975 ignominia
444 1908 550 1976 affecit,
573 1910 741 1981 pugilemqne
762 1908 799 1965 ob
815 1904 966 1979 hujusmodi
1018 1903 1059 1959 'lu
1073 1920 1136 1961 rcro
1149 1914 1317 1963 antevertens
1331 1909 1432 1964 trullum
1446 1917 1550 1979 tempus
1563 1905 1687 1973 omisisti,
1699 1906 1762 1979 quin
1775 1904 1811 1961 de

177 1995 328 2062 patientiam
342 1998 484 2055 clariorem
498 1998 624 2056 reddidit.
637 2000 694 2056 lloc
708 1998 792 2069 magis
803 2013 882 2069 quam
898 2011 965 2067 patt-
1017 2009 1049 2050 ea
1057 1994 1188 2066 cogitares
1200 2014 1206 2051 ε
1221 2006 1312 2069 atque,
1326 1998 1349 2063 si
1362 1998 1395 2055 ad
1404 2013 1496 2055 necem
1508 2006 1534 2055 te
1544 1998 1684 2064 traxerint,
1695 1996 1811 2053 cadauer

176 2086 288 2155 pertatis
304 2102 392 2156 emor,
407 2083 488 2160 opum
507 2090 687 2159 contemptio,
706 2104 738 2144 ac
758 2088 899 2157 repentina
919 2085 966 2141 iila
1017 2084 1154 2141 dumtaxat
1167 2086 1201 2143 ad
1211 2080 1270 2141 eam
1285 2087 1391 2143 trahent
1401 2090 1421 2143 ¹.
1432 2087 1501 2157 Quid
1514 2087 1632 2159 pluribus
1644 2086 1732 2143 verbis
1742 2100 1810 2157 optus
1860 2088 1866 2103 ¹

177 2176 289 2233 irlinrum
302 2179 422 2248 antissio,
436 2192 463 2237 et
475 2190 608 2237 sexcentae
621 2180 834 2249 insidiamipsum
847 2177 925 2233 lande
934 2191 967 2233 ae
1017 2174 1076 2231 esti
1092 2174 1176 2233 Nemo
1189 2186 1215 2232 to
1231 2186 1304 2233 tanto
1316 2178 1371 2235 ullo
1390 2180 1460 2235 malo
1481 2178 1586 2235 allicere
1604 2164 1718 2251 poterit.
1739 2178 1809 2247 qnod

176 2269 365 2337 praedicatione
388 2272 499 2339 extulit,
512 2282 592 2343 atque
605 2272 747 2343 impudens
764 2271 880 2341 peruersi
896 2269 966 2325 illius
1018 2282 1071 2322 non
1085 2268 1201 2323 inueniat
1211 2269 1370 2341 jantpridcm
1387 2287 1401 2325 a
1418 2282 1444 2327 te
1458 2286 1552 2341 magns
1567 2252 1692 2341 patientia
1711 2270 1809 2327 tolera·

175 2358 303 2416 dtentonis
317 2377 348 2417 os
361 2360 486 2433 perlacile
500 2364 642 2420 obstrusit.
656 2364 719 2419 llam
733 2364 813 2435 igitur
830 2365 886 2434 ipsa
900 2375 965 2433 quo·
1017 2368 1085 2415 tum.
1100 2359 1167 2417 Nam
1178 2376 1238 2417 cum
1254 2377 1301 2433 per·
1315 2373 1414 2419 arctant
1427 2372 1454 2419 et
1467 2373 1605 2435 angustam
1621 2364 1689 2419 riam
1703 2376 1811 2431 seraper

175 2466 227 2521 qne
249 2463 378 2523 perpetuo
399 2463 485 2509 tecum
508 2466 653 2525 reputans,
673 2456 759 2527 gande
773 2465 801 2511 et
818 2453 964 2524 oblectare,
1017 2453 1069 2509 iter
1079 2454 1183 2522 leceris,
1195 2452 1238 2511 lris
1249 2455 1372 2512 omnibus
1381 2456 1504 2513 diuturna
1516 2456 1706 2513 exercitatione
1716 2470 1809 2511 asstre·

175 2543 247 2612 quud
261 2545 381 2599 maixime
391 2548 539 2601 certarniue
549 2547 689 2617 perfuncta
700 2548 750 2615 sis,
763 2557 843 2620 atque
855 2543 881 2605 td
894 2548 966 2619 qnod
1016 2545 1088 2603 visti.
1102 2546 1141 2601 dc
1155 2546 1267 2617 proinde
1281 2562 1341 2603 cum
1356 2548 1561 2619 pulcherrimam
1582 2548 1651 2604 banc
1668 2547 1807 2605 scientiam

177 2634 352 2690 tentationum
366 2645 444 2705 capnt
455 2646 505 2702 cst,
520 2636 563 2693 lac
575 2638 678 2708 placido
687 2638 778 2694 arrinto
787 2637 868 2705 ieras,
879 2653 966 2710 euque
1017 2637 1044 2694 in
1056 2636 1187 2709 palaestris
1197 2637 1324 2707 colueris,
1339 2654 1410 2695 nnnc
1422 2640 1448 2695 in
1463 2638 1652 2695 certaminibus
1664 2637 1806 2695 clariorem

176 2728 285 2784 numine
297 2728 405 2801 bertigni
416 2730 463 2787 Dei
474 2731 584 2803 gloriam
599 2732 738 2803 prodicos,
748 2731 794 2804 qni
805 2748 866 2788 cnm
875 2733 965 2788 omnia
1018 2741 1044 2788 te
1059 2729 1193 2801 praebuisti
1207 2731 1324 2803 :quippe
1337 2746 1396 2804 quau
1410 2732 1445 2788 olr
1459 2747 1490 2787 ea
1504 2748 1563 2801 qnae
1575 2731 1742 2801 contingunt,
1753 2744 1806 2787 nott

175 2820 264 2877 subito
286 2822 376 2879 delere
395 2840 427 2880 ac
447 2824 481 2881 de
499 2826 587 2881 medio
606 2826 699 2882 toliere
716 2834 815 2898 queat,
829 2842 861 2883 ea
876 2835 964 2883 tamen
1017 2824 1097 2880 ntndo
1110 2839 1164 2881 uon
1178 2824 1357 2891 conturberis,
1368 2836 1460 2880 rernm
1470 2824 1550 2881 ctiam
1563 2824 1636 2879 uelut
1651 2822 1700 2879 alis
1712 2823 1808 2879 tusrnr·

84 2938 98 2964 s
174 2912 240 2967 oriri
261 2913 343 2981 sinit,
367 2926 395 2969 nt
414 2915 462 2970 tibi
483 2915 595 2985 pulcher
607 2916 651 2973 lric
664 2928 782 2989 quastus
801 2919 965 2991 splendidior
1015 2925 1058 2971 cte
1072 2917 1180 2973 exsilias
1191 2932 1223 2974 ac
1239 2916 1378 2988 tripudias.
1390 2916 1456 2973 llarm
1471 2932 1582 2989 quarum
1596 2932 1684 2973 rerunt
1702 2914 1806 2971 exerui·

162 3001 294 3059 ‘exsistat
308 3002 349 3060 oh
361 3005 440 3077 idqnc
461 3006 565 3062 beatam
589 3017 614 3063 te
636 3008 782 3077 praedicare
800 3010 909 3066 minime
921 3011 963 3067 ln-
1016 3009 1052 3063 tia
1063 3010 1209 3079 occnpasti,
1222 3008 1315 3065 lramtn
1326 3011 1471 3067 certantina
1487 3009 1553 3065 mira
1567 3023 1628 3065 cttnt
1640 3007 1768 3063 lrcllitate
1780 3008 1806 3061 in

173 3094 356 3151 ternrittimrrs.
371 3096 440 3151 lllurl
454 3107 543 3153 autern
556 3099 632 3155 trabis
642 3100 770 3172 voluptati
784 3100 842 3170 luit,
856 3103 927 3176 quud
937 3112 965 3161 et
1015 3099 1140 3156 muliebri
1152 3108 1180 3157 et
1193 3099 1298 3159 araneis
1313 3100 1487 3158 imbecilliore
1507 3115 1620 3169 corpore
1639 3115 1710 3157 nnnc
1727 3098 1804 3165 obis,

173 3185 435 3261 litibusetuegutiis,
450 3200 478 3246 ιιι
492 3192 639 3263 tedigunm
655 3202 722 3260 erat,
738 3194 873 3264 defuncta,
889 3197 964 3267 eius·
1016 3190 1258 3249 valentissimorum
1286 3207 1318 3251 ac
1342 3191 1466 3249 dentibus
1489 3192 1658 3247 stridentium
1688 3190 1806 3247 uirorum
1855 3260 1863 3277 .

173 3280 244 3336 medi
261 3282 301 3337 rei
315 3281 394 3338 dnetn
410 3283 585 3355 imposueris,
600 3287 963 3359 utneceaignarealtjooo-
1015 3280 1133 3338 furorem
1147 3281 1247 3355 ingenti
1263 3298 1323 3339 cum
1337 3272 1528 3345 risncalcans:
1543 3290 1642 3353 ntanc
1656 3281 1729 3353 plura
1746 3297 1806 3353 per·
1859 3320 1867 3331 .

173 3373 231 3440 ris,
248 3390 298 3431 neo
320 3390 423 3432 rursum
439 3378 600 3445 retinueris,
619 3394 652 3435 ac
668 3380 863 3446 tribunalibus,
878 3380 963 3454 iisque
1015 3372 1070 3443 peti
1092 3381 1182 3444 Ρ111111
1201 3372 1254 3441 111,
1278 3389 1357 3445 quam
1378 3374 1417 3431 illi
1441 3373 1808 3445 1111111111111111·Τθ11111

173 3482 234 3539 quas
248 3466 309 3524 ltine
322 3470 444 3524 oriuntur
456 3470 532 3526 malis
544 3472 658 3542 teipsam
670 3472 851 3540 trausdxeris;
871 3473 962 3530 ¹rernm
1013 3464 1141 3535 beatam,
1162 3481 1194 3523 ac
1216 3476 1256 3525 ter
1274 3468 1394 3539 beatam,
1417 3467 1452 3523 ult
1466 3482 1580 3524 coronas
1598 3482 1659 3539 quaa
1673 3466 1736 3523 ltine
1755 3464 1803 3521 tibi

173 3558 289 3614 medinm
303 3560 353 3615 iter
365 3561 483 3633 ingressa
498 3562 553 3624 sis.
567 3577 696 3633 eamque,
717 3578 777 3633 quse
798 3563 845 3619 tibi
864 3578 963 3621 conue-
1014 3567 1214 3630 comparantur,
1229 3560 1283 3615 imo
1293 3560 1381 3631 potius
1393 3558 1428 3615 ob
1443 3559 1500 3629 ipsa
1513 3559 1670 3617 certamina.
1685 3558 1721 3613 Ea
1733 3556 1805 3615 enirn

56 3639 57 3668 ¹
161 3649 280 3716 aiebat,
304 3651 453 3709 liltertatom
475 3654 644 3723 perceperis,
673 3660 754 3724 atque
778 3652 913 3726 ingentem
932 3648 961 3711 in
991 3644 1110 3707 'burum
1125 3651 1300 3708 certaminum
1314 3661 1473 3721 naturaest,
1488 3652 1681 3709 utetiamante
1698 3654 1806 3723 pramis

170 3742 296 3799 omnibus
310 3743 391 3800 rebus
405 3744 572 3815 prudentiam
593 3760 647 3814 pra·
661 3754 688 3801 te
709 3746 812 3815 tuleris,
834 3747 907 3805 edito
922 3749 962 3804 ri·
1013 3745 1042 3801 in
1064 3746 1121 3817 ipsa
1135 3760 1242 3817 quoque
1255 3760 1336 3801 arena
1351 3760 1427 3825 suam
1443 3744 1594 3803 mercedem
1616 3744 1748 3809 habeant,
1764 3744 1806 3797 ni·

56 3845 57 3854 ¹
171 3831 268 3886 delicet
292 3840 346 3886 tunt
361 3833 496 3903 patientiae
516 3848 549 3889 ac
571 3836 731 3900 tolerantiae,
755 3844 812 3891 tum
830 3837 961 3908 ejusmodi
1013 3837 1112 3892 rnimm
1127 3837 1365 3911 voluptatemque
1380 3835 1804 3904 nurrelrucris,aninrilretitiam,

75 3990 79 3999 ι
171 3921 330 3992 prudentias,
346 3938 406 3994 qne
418 3921 554 3980 fraudibus
567 3925 749 3982 circumscribi
760 3927 862 3999 nequit,
877 3927 961 3985 deeu-
1014 3926 1211 3997 fortitudinem,
1224 3930 1376 4000 patientiam
1392 3946 1399 3985 :
1414 3928 1532 3999 illudque
1546 3928 1620 4003 item,
1634 3927 1705 3997 quorl
1718 3944 1803 3997 expu-

172 4020 274 4068 meuto.
1013 4018 1087 4091 gnari
1108 4029 1188 4091 atque
1206 4020 1321 4091 opprimi
1344 4034 1473 4091 nequeas,
1487 4019 1558 4091 qnod
1582 4018 1706 4075 ortmilrns
1725 4020 1807 4075 rebus

170 4104 213 4171 ,ld
225 4106 339 4161 smerdem
352 4108 425 4178 epist.
438 4107 535 4165 ΠΗ.
551 4108 664 4181 (Scripta
677 4124 747 4164 anno
759 4110 812 4167 tut
828 4111 870 4166 rel
883 4110 959 4185 aba.)
1013 4110 1154 4166 sttldinrior
1167 4109 1205 4167 sis
1216 4150 1227 4177 ,
1239 4111 1308 4181 quod
1323 4112 1362 4167 sie
1382 4111 1495 4183 teipsam
1509 4112 1680 4179 exercueris,
1696 4122 1726 4167 ttt
1739 4109 1804 4167 nihil

206 4194 344 4253 Οιιιαιιιιιιιι
357 4204 411 4268 plor
425 4199 576 4255 remotiores
587 4200 680 4255 reddit.
689 4232 726 4244 -
734 4200 805 4257 ll'ihil
818 4202 897 4259 alieni
909 4204 917 4237 ¹
928 4218 961 4260 ac
1014 4203 1061 4260 tihi
1075 4203 1264 4262 incommodis
1276 4218 1409 4275 quoquam
1421 4201 1804 4277 irrierripusslt,quudeaorru

57 4293 58 4322 ἐ
170 4290 326 4365 prepostcri
342 4289 368 4346 in
383 4298 409 4347 te
422 4292 544 4362 contigit,
557 4291 621 4363 qniu
635 4293 722 4365 potius
734 4294 805 4365 qnod
817 4294 960 4353 admodum
996 4303 1068 4359 ,tam
1080 4296 1153 4367 gravi
1166 4304 1323 4368 tempestate
1334 4297 1360 4353 in
1371 4306 1445 4369 petra
1456 4298 1598 4365 consistas,
1609 4296 1680 4369 quod
1690 4296 1805 4368 deniqne

57 4385 59 4416 t
173 4377 271 4433 rationi
286 4392 493 4438 mesentaneum
507 4393 597 4449 esset,
613 4399 710 4455 nempe
729 4394 758 4441 ut
774 4400 822 4456 per
839 4387 960 4444 assiduas
1011 4388 1080 4445 mari
1104 4386 1209 4445 lursnte
1232 4402 1327 4459 magna
1356 4403 1418 4445 cnut
1443 4389 1633 4459 tranquillitate
1656 4388 1804 4447 secundnm

170 4470 331 4527 tentationes
345 4480 404 4528 tuas
415 4473 498 4529 animi
514 4473 552 4530 tul
566 4475 654 4531 nervis
666 4476 725 4547 plus
734 4476 878 4545 lirnritatis,
889 4479 961 4550 plns·
1012 4492 1121 4535 cursnm
1134 4487 1236 4537 teneas.
1249 4478 1310 4535 llaec
1321 4478 1402 4537 etiarn
1417 4488 1479 4535 aute
1489 4480 1615 4537 caelorum
1625 4494 1747 4552 reguuttt,
1758 4494 1805 4537 ea·

170 4577 223 4631 que
243 4562 276 4616 ad
296 4564 435 4621 subeunda
458 4567 604 4622 certamina
628 4567 773 4624 alacritatis
797 4584 829 4626 ac
854 4571 961 4627 roboris
1012 4571 1138 4629 lamitatis
1154 4571 1262 4643 pruentia
1286 4572 1312 4627 irr
1331 4569 1382 4628 bac
1401 4572 1456 4627 rita
1477 4579 1551 4629 sunt.
1570 4571 1638 4631 illud
1653 4574 1725 4629 enim
1739 4570 1804 4629 utibi

169 4651 326 4720 amederet,
342 4653 457 4726 hincque
476 4670 599 4726 magnam
612 4658 775 4728 uoluptatem
798 4658 959 4732 perciperes.
1011 4662 1253 4733 exploratissimum
1266 4670 1327 4729 est,
1343 4664 1556 4721 teunncanitrta
1572 4664 1608 4720 ita
1621 4671 1803 4735 comparstaur
1841 4726 1847 4731 ,

57 4758 61 4794 t
169 4739 236 4797 Nam
260 4742 318 4799 lacco
337 4745 495 4801 calamitatis
515 4755 610 4802 natura
629 4756 680 4815 est,
698 4758 725 4804 ιιι
745 4764 806 4805 cnm
820 4750 915 4807 iortem
929 4766 962 4808 ae
1011 4768 1083 4822 esse,
1096 4762 1127 4809 nt
1143 4768 1177 4810 ne
1192 4768 1306 4826 corpere
1320 4754 1427 4827 quidem
1446 4755 1565 4813 indutam
1585 4764 1611 4811 te
1628 4770 1691 4813 esse
1708 4754 1804 4813 existi·

57 4854 59 4882 t
169 4840 306 4890 strenuam
320 4836 437 4891 animant
452 4846 530 4892 nacta
544 4847 604 4906 est,
619 4838 677 4896 hec
696 4839 802 4898 ellleero
818 4843 912 4899 soleat.
927 4845 961 4901 Et
1012 4859 1088 4912 mes,
1104 4844 1140 4901 ita
1156 4855 1183 4901 tc
1198 4853 1339 4917 pennatam
1354 4848 1441 4904 reddit
1454 4848 1576 4919 uoluptas
1590 4865 1597 4903 ι
1612 4862 1645 4904 ac
1662 4848 1685 4905 si
1699 4856 1804 4919 tempus

58 4951 61 4974 ι
168 4924 237 4980 siem
252 4925 321 4998 ignis
334 4942 428 4985 aurum
443 4930 581 5000 probatius
594 4931 677 4988 ciilcit
688 4951 695 4988 ι
708 4932 804 4990 eodem
819 4935 899 4991 modo
913 4952 960 4992 ca·
1012 4936 1040 4993 id
1055 4936 1189 5007 postulet,
1204 4939 1351 5010 promptius
1372 4937 1438 4996 illud
1456 4950 1569 4996 exutura
1590 4940 1645 5007 sis,
1664 4954 1745 5011 qnam
1757 4939 1805 4997 alil

169 5015 286 5083 lamitas,
299 5018 404 5075 araturos
416 5036 514 5078 atrreos
526 5023 647 5091 subiens,
662 5025 783 5094 puriores
791 5040 838 5081 eos
849 5039 881 5082 ac
892 5041 960 5098 prce·
1011 5038 1111 5099 restes,
1127 5030 1221 5101 quibus
1230 5028 1328 5087 obtecti
1341 5040 1412 5089 sunt.
1423 5030 1514 5088 Gaude
1528 5030 1608 5103 igitur
1618 5038 1646 5089 et
1657 5030 1802 5097 oblectms,

167 5106 312 5163 stautimes
330 5109 426 5167 reddit.
447 5113 539 5186 quue
562 5117 641 5172 etiarn
666 5118 773 5174 nomine
796 5119 895 5175 Paulus
918 5120 960 5177 his
1013 5132 1069 5181 tutn
1084 5132 1129 5181 tuo
1143 5124 1262 5193 nomine,
1279 5135 1440 5181 tumueram
1452 5124 1498 5195 qui
1511 5124 1614 5183 beatam
1627 5133 1740 5181 usortem
1753 5124 1805 5181 ab·

58 5225 59 5260 2
169 5194 260 5250 uerbis
276 5198 418 5254 urebatur:
433 5200 571 5258 inlunio
589 5207 735 5273 parientium
753 5220 895 5281 opernm:
910 5227 958 5282 pr·
1011 5214 1110 5281 ierunt,
1125 5228 1178 5271 nou
1193 5214 1219 5271 in
1235 5215 1313 5281 lectu,
1329 5231 1378 5271 aec
1390 5214 1474 5281 domi,
1490 5212 1538 5270 sed
1552 5216 1696 5273 incarcere
1708 5226 1735 5273 et
1746 5216 1805 5273 rin·

58 5331 59 5342 ,
169 5283 257 5338 tisana
277 5295 360 5342 ostent
378 5292 551 5360 praemicarent
567 5295 663 5365 (iletre
678 5299 705 5353 5.
718 5298 745 5353 3.
759 5298 807 5371 d).
827 5302 970 5379 Quocirca,
1012 5307 1125 5363 eulisac
1138 5306 1287 5365 tonsuris.
1302 5308 1455 5365 meantem
1469 5306 1544 5365 salos
1557 5308 1661 5381 lugete
1677 5309 1803 5379 lacrmis

168 5388 337 5449 uusquequo
350 5380 557 5440 exsultamusae
569 5385 659 5441 letitia
675 5390 866 5460 periundimtrr,
880 5387 959 5462 atque
1010 5416 1192 5474 prosequere,
1207 5404 1252 5475 qui
1271 5403 1330 5459 ltrce
1346 5401 1588 5473 perpetuandam
1607 5390 1678 5461 istud
1698 5418 1805 5477 quuqtts

167 5482 200 5522 ex
216 5468 267 5525 lsae
285 5478 329 5525 tua
342 5472 425 5529 animi
438 5476 619 5549 magnitudine
631 5482 776 5537 maximum
790 5484 901 5556 hujusce
911 5503 957 5544 so·
1014 5505 1059 5552 tna
1074 5496 1239 5568 philosophia
1254 5496 1362 5567 dignum
1382 5506 1433 5555 est.
1448 5496 1580 5566 Quoniam
1592 5506 1682 5557 arttern
1694 5498 1727 5555 de
1739 5514 1801 5555 cur-

72 5644 80 5661 ‘
167 5558 290 5617 litudiuis
311 5564 437 5622 mistiam
459 5568 606 5627 haurimus.
626 5572 666 5628 he
688 5573 817 5643 preinde,
840 5578 920 5634 etiam
935 5580 958 5635 si
1011 5586 1296 5661 portaqrroqnenestri
1311 5586 1572 5647 valetudiuecertiur
1586 5588 1644 5648 lieri
1658 5590 1803 5662 mosmos

121 5729 126 5739 .
167 5652 239 5708 11111111
252 5654 305 5725 lupi
320 5670 353 5712 111
366 5654 441 5715 trinhi
454 5670 602 5719 mutemus
616 5664 816 5737 nahgruurtun
836 5670 956 5727 1111111111ὸ
1010 5696 1089 5739 exeo
1104 5680 1213 5743 morbo.
1227 5678 1271 5751 qul
1287 5680 1461 5751 nuperuobis
1480 5680 1629 5739 molestiam
1644 5684 1801 5753 eulrihebat,

162 5760 219 5815 qne
237 5746 396 5815 obsideant,
410 5751 475 5807 nibil
490 5754 615 5813 tinremus
628 5777 636 5814 ι
649 5774 739 5815 rerunt
762 5758 825 5817 illud
848 5762 955 5839 rptirlern
1009 5754 1169 5830 onrursiinus
1181 5789 1187 5825 :
1200 5787 1322 5843 nuncque
1334 5774 1445 5837 meliore
1462 5757 1802 5845 connumeratorum

196 5841 206 5871 ¹
222 5836 305 5899 sarii..
316 5837 377 5894 aisn
388 5840 491 5908 brenni.
1045 5864 1051 5893 ¹
1071 5868 1190 5922 huores,
1206 5861 1329 5917 trutehrnr.
