4142 6342
31 337 228 399 nm

174 467 239 525 ergo
253 458 334 524 eaput
346 450 470 508 coronari
483 448 602 523 prodam,
617 449 681 507 dum
695 438 779 521 pedes
790 451 968 522 torquentuvt

173 571 177 588 ε
211 543 339 617 Martyres
351 560 401 612 psa
414 552 490 615 paeto
502 543 630 601 ιειιιεειιί.
642 574 680 622 ··.
692 543 726 601 Iit
737 546 783 617 qui
795 544 854 601 lieri
867 550 967 615 potest,

173 636 245 693 dicet
257 637 363 707 aliquis,
381 647 409 694 ιιι
423 646 555 714 martyres
565 638 717 695 imitemur?
728 653 781 695 non
796 638 867 695 enirn
877 653 969 710 perse·

174 730 310 801 quntiohis
322 740 364 787 est
377 741 490 803 tempus.
509 727 639 804 Equidem
654 730 680 787 id
689 732 770 789 etianv
782 733 840 788 scio
855 748 862 785 ε
876 718 968 803 ρειεεὲ

174 821 312 891 quntionis
320 821 428 892 quidem
439 831 545 893 tempus
556 838 610 879 nota
617 832 670 891 est,
679 832 707 879 at
716 823 837 894 martyrii
847 830 889 878 εει
898 830 968 877 ιεει-

175 927 246 981 pus:
263 913 394 969 luctarum
406 914 538 985 ejnsmodi
552 925 657 987 tempus
668 930 724 974 non
735 924 787 980 est,
807 924 837 971 at
854 929 970 971 eorona-

173 1021 233 1059 rum
247 1015 289 1063 est
304 1014 410 1077 tempus
423 1024 431 1060 ε
445 1022 499 1065 non
512 1016 709 1079 persequuntur
720 1007 853 1073 homines,
869 1015 896 1063 at
908 1020 969 1077 per·
980 1048 990 1054 .,

77 1117 80 1121 ⁴
174 1098 471 1168 sequunturdemones
491 1117 499 1155 ι
519 1116 572 1156 uon
587 1110 665 1157 vexat
677 1109 823 1173 tyrannus,
845 1108 874 1156 at
887 1107 985 1156 ιειιιιί

174 1188 298 1245 diabolus
311 1199 485 1263 tyrannorum
495 1193 613 1251 omniurn
626 1194 790 1264 saevissimus
802 1210 809 1257 ;
823 1206 879 1249 uon
894 1193 970 1265 obje-
984 1236 989 1243 ,

174 1290 232 1336 ctas
249 1298 349 1353 prunas
362 1284 513 1356 conspicis,
527 1295 555 1341 at
569 1284 721 1355 cupiditatis
738 1286 872 1357 conspicis
889 1285 969 1341 liam·

174 1388 246 1429 mam
256 1387 399 1431 accensam
413 1393 420 1430 :
435 1375 474 1432 illi
489 1390 589 1447 prunas
602 1376 749 1445 calcarunt,
763 1386 793 1433 tu
806 1384 908 1433 naturae
920 1392 989 1450 py·.

174 1482 232 1523 ram
242 1467 317 1523 caica
333 1484 341 1520 z
353 1467 392 1523 itti
406 1483 467 1523 eum
480 1468 574 1525 bestiis
585 1476 746 1541 pugnarant,
761 1477 790 1525 tu
804 1469 871 1525 iram
881 1468 970 1525 immi·
988 1498 993 1503 -

174 1569 229 1615 tem
244 1567 272 1615 ει
282 1558 439 1617 indomitam
452 1560 572 1617 belluam
583 1560 658 1617 trena
671 1577 679 1614 ι
698 1561 737 1616 itti
750 1560 881 1617 adversus
898 1560 970 1617 into-
985 1565 989 1607 ἰ

173 1648 300 1719 lerabiles
323 1651 432 1709 dolores
450 1661 598 1719 steterunt,
619 1662 648 1708 ιιι
671 1651 802 1709 absurdas
821 1666 970 1724 pravasque

173 1741 368 1813 cogitationes,
381 1758 443 1813 qna
456 1743 484 1799 in
500 1742 584 1800 eorde
603 1753 648 1799 tuo
666 1742 807 1815 pullulant,
817 1746 895 1801 vinee
909 1761 917 1799 ι
931 1746 969 1801 ita

173 1842 308 1905 martyres
321 1833 470 1892 imitabere.
483 1834 561 1891 lianc
573 1835 639 1891 enim
649 1835 721 1891 nelis
734 1852 787 1891 ιιειι
796 1844 832 1892 est
844 1836 968 1893 caluma-

174 1926 210 1980 tio
222 1924 345 1982 εάιειιιιι
357 1944 458 1983 carnem
469 1930 670 2008 arengalium·
681 1928 727 1986 scd
739 1930 859 1986 adrasus
871 1930 969 2001 prinei·

174 2033 230 2088 pes,
245 2017 365 2073 ademtae
388 2028 531 2089 potestates,
545 2021 666 2077 adoneae
679 2022 768 2078 mundi
777 2032 885 2077 rectores
898 2031 969 2078 tene·
991 2031 994 2040 “

174 2110 280 2167 irnrem
291 2112 495 2181 istamcontra
515 2115 658 2187 spiritualia
673 2116 791 2187 neqreitt'oe
810 2115 821 2188 l
829 2116 925 2187 Epitra-
940 2116 969 2173 6.
992 2164 997 2175 ,

174 2201 234 2277 li).
250 2202 321 2273 ignis
332 2214 374 2261 est
386 2206 518 2276 cupiditas
530 2215 649 2273 natura,
664 2207 732 2279 ignis
745 2208 922 2265 inexstinctus
937 2222 971 2266 ae

174 2296 321 2364 perennis,
342 2297 417 2354 canis
428 2307 470 2355 cst
482 2298 592 2355 rabidus
603 2306 632 2355 ει
649 2299 777 2356 insanus:
791 2299 856 2357 licet
872 2300 970 2357 millies
993 2332 1001 2341 ·

144 2373 148 2385 ’
174 2400 238 2440 eum
265 2388 406 2459 propellas,
432 2390 530 2447 millies
550 2392 677 2463 impetum
690 2391 763 2460 lacit,
781 2407 832 2449 nee
843 2392 969 2450 ιιιείειίιι

145 2466 148 2472 ’
173 2490 249 2532 saera
263 2478 371 2548 quidem
392 2494 537 2548 prunarum
556 2490 597 2537 est
607 2482 725 2550 hamma,
741 2498 835 2541 rerum
847 2483 906 2542 haee
922 2501 970 2543 ve·
993 2514 997 2532 ·

174 2568 329 2627 bernentior
339 2571 497 2629 estllamma
506 2574 658 2646 cupiditatis
670 2592 678 2631 ι
692 2591 837 2649 numquam
850 2576 972 2635 inducias
993 2610 999 2617 ·

176 2662 241 2719 belli
251 2664 331 2735 hujus
342 2665 503 2736 obtinemus,
520 2683 665 2740 nuunquam
679 2685 775 2742 pugne
793 2671 972 2731 sessadanem

82 2776 86 2784 ·
176 2754 330 2812 obtinemus
342 2756 405 2813 dum
418 2758 445 2813 in
460 2759 573 2817 haesita
587 2776 737 2829 remamur,
751 2760 799 2817 sed
814 2772 974 2833 perpetuum
986 2752 1002 2809 ’-

75 2918 86 2937 ι
176 2854 220 2901 εει
237 2856 393 2917 εειιειεεε,
407 2858 437 2907 ει
447 2859 474 2907 ει
488 2851 626 2923 splendida
645 2852 691 2909 liat
704 2868 813 2909 corona.
827 2854 974 2926 Propterea
995 2894 1000 2904 ·

176 2938 278 2995 Paulus
290 2954 340 2997 nos
349 2942 456 3013 semper
468 2952 565 3011 armat,
579 2945 642 3015 quia
653 2944 717 3003 beiti
726 2954 768 3002 εει
782 2955 897 3017 tempus,
910 2946 974 3018 quia
998 2979 1002 2987 ‚

176 3032 271 3105 vigilat
284 3050 391 3106 semper
415 3034 511 3094 hostis.
532 3038 614 3100 iisne
634 3038 782 3111 intelligere
800 3039 1001 3115 cupiditatem.

177 3140 235 3181 non
249 3127 338 3182 minus
350 3142 430 3199 quana
449 3129 537 3203 ignem
552 3131 649 3186 ureret
663 3130 734 3187 nudi
752 3131 924 3189 Salomonem
933 3131 975 3189 di·

176 3227 297 3288 rentem,
308 3219 513 3293 imitataque
526 3238 601 3295 snper
614 3240 712 3295 pressas
722 3225 798 3296 ignis,
806 3226 914 3297 etpedsa
922 3237 975 3281 non

176 3308 328 3366 comburet?
345 3312 382 3367 sic
394 3314 439 3387 qai
451 3314 530 3369 intrm
549 3314 583 3369 ad
597 3314 727 3369 malimem
739 3316 850 3385 praalnri
870 3317 928 3383 sai,
950 3324 976 3373 et

177 3400 225 3469 qui
236 3402 318 3473 tangit
329 3418 403 3471 eam,
426 3420 478 3459 nan
491 3405 538 3459 erit
556 3406 675 3461 innoxius
695 3405 792 3477 (Pron.
807 3406 834 3463 6.
847 3407 893 3465 28.
908 3407 975 3481 29).
1004 3472 1008 3480 ,

179 3490 264 3549 Vides
277 3502 306 3549 ut
318 3503 414 3551 viatura
427 3496 580 3567 cupiditatis
593 3508 716 3555 naturam
735 3498 804 3570 ignis
815 3499 976 3557 aemuleturl

178 3583 257 3640 Sicut
268 3585 340 3642 enim
352 3586 411 3644 lieri
425 3590 527 3662 nequit,
539 3599 569 3646 ιιι
578 3592 624 3662 qui
636 3593 720 3663 tangit
733 3593 834 3665 ignem
844 3608 899 3651 nou
913 3584 981 3651 ura·'
1005 3645 1008 3650 ⁴

179 3684 247 3730 tur:
264 3675 302 3731 ita
313 3674 493 3735 formosorum
510 3681 632 3739 vultuum
643 3692 771 3754 aspectus
783 3684 846 3756 igne
863 3685 979 3743 celerius
1005 3740 1010 3745 .

179 3768 284 3824 lascive
301 3768 448 3829 intuentem
461 3772 577 3831 animam
597 3775 723 3847 comipit3
736 3784 765 3833 ει
779 3776 852 3833 velut
862 3791 978 3835 mceasu
1006 3846 1011 3855 ,

180 3856 270 3916 tacitis
285 3862 407 3932 quaedam
420 3866 563 3935 materies,
578 3866 615 3923 ita
627 3882 739 3939 corpora
757 3869 879 3939 speciosa
897 3870 978 3927 lasci-

181 3966 281 4008 vorum
292 3954 376 4011 oculis
385 3964 447 4013 sunt
460 3957 575 4029 objecta.
591 3958 771 4028 Quamobrem
780 3969 920 4033 aspectum
930 3975 980 4018 er-

158 4067 162 4075 ·
183 4046 312 4103 terionem
332 4049 485 4120 cupiditatis
507 4051 560 4122 igni
576 4065 629 4107 non
649 4060 756 4123 oportet
774 4053 801 4109 in
822 4052 980 4110 alimentum

183 4136 294 4208 olierre,
305 4140 353 4196 sed
365 4141 439 4197 omni
449 4158 482 4199 ex
491 4150 568 4214 parte
578 4144 705 4201 solabere
715 4143 802 4211 illum,
813 4144 983 4216 cogitationi·

158 4232 162 4247 “
184 4230 236 4286 Ιιεε
249 4232 301 4302 piis
314 4234 503 4305 exstinguere,
525 4246 606 4307 atque
622 4236 734 4293 adtentus
746 4246 913 4309 grassantem
932 4239 982 4296 de·

184 4322 369 4395 humationem
382 4326 529 4396 refrenare,
544 4343 595 4385 nec
608 4329 693 4387 animi
706 4332 790 4387 nostri
804 4333 982 4393 eomtantiam
1014 4404 1018 4413 ¹

185 4414 276 4471 sinere
288 4417 466 4489 supplantari.
481 4419 552 4477 Sane
563 4420 673 4492 quidem
682 4420 805 4494 voluptas
815 4426 915 4494 omnis,
927 4440 983 4498 quo
1012 4481 1017 4488 .

161 4502 165 4511 ’
186 4514 309 4578 tempore
327 4511 542 4580 perturbationes
552 4514 763 4586 prevaluerint,
774 4516 846 4574 solet
863 4519 983 4581 animum

162 4597 166 4621 ²
186 4598 249 4669 igne
270 4599 458 4659 vehementius
469 4602 647 4677 inflammare,
662 4607 716 4665 nisi
729 4609 790 4681 quis
802 4607 908 4669 lortitev
920 4628 983 4670 eum

163 4689 329 4751 'tolerantia
349 4692 454 4768 licioque
475 4696 605 4755 adversus
629 4700 748 4772 singulas
770 4704 985 4778 perturbationes

187 4781 330 4854 decertata
345 4802 400 4859 quo
416 4798 495 4859 paeto
514 4790 609 4849 beatus
627 4803 709 4865 atque
720 4808 868 4867 generosus
881 4798 984 4857 athleta

188 4874 289 4960 christi
305 4877 428 4937 Barlaam
446 4880 528 4950 iecit,
543 4884 608 4941 dunt
622 4900 718 4942 manus
736 4888 821 4959 ipsius
835 4897 983 4963 torquetur,

187 4968 318 5043 integram
327 4960 477 5033 iu’dextera
486 4992 580 5050 pyram
589 4989 707 5050 gestans,
718 4995 769 5039 nec
776 4981 863 5039 dolori
873 4983 984 5063 cedens,

649 359 655 369 ·
691 334 725 393 lli
743 334 773 394 S.
794 330 1009 393 meminit!
1026 330 1231 391 ntntttttttt.

1757 328 1812 391 l'ld

1021 446 1144 519 impulit,
1158 448 1286 520 quosdam
1300 456 1390 507 autem
1405 448 1432 505 in
1447 448 1549 506 lebetes
1562 448 1673 507 immisit
1682 450 1753 525 igue
1764 466 1813 507 ve·

1021 540 1174 597 hementtus
1191 542 1349 609 bullientem
1364 550 1392 599 et
1404 540 1500 599 borum
1512 542 1619 615 quidem
1632 542 1715 602 latera
1728 545 1815 602 lania·

1021 634 1070 703 vit,
1086 634 1145 690 illos
1155 642 1243 691 ειιιεει
1258 636 1292 690 in
1302 650 1376 693 mare
1387 624 1536 695 demersis:
1552 638 1619 697 alios
1637 638 1729 697 bestiis
1739 640 1815 712 obje-

1020 726 1068 793 cit,
1086 726 1153 782 alios
1174 726 1201 781 in
1222 726 1357 785 tornacen
1372 727 1478 799 injecit;
1504 738 1532 785 et
1555 727 1651 787 borum
1669 744 1816 803 compages

1020 818 1203 875 membrorum
1216 818 1334 888 divulsit,
1351 820 1457 877 illorum
1471 822 1559 879 adbuc
1568 822 1717 880 viventium
1731 826 1816 897 peltes

1021 910 1155 969 detraxit:
1169 912 1280 969 aliorum
1293 914 1603 987 cruetvmtiseerporibus
1614 934 1713 990 prunas
1723 918 1817 988 subie-

1022 1002 1070 1070 cit,
1084 1002 1154 1059 uude
1164 1004 1288 1059 scintiliae
1302 1004 1477 1075 prosiliebant
1490 1007 1517 1062 in
1531 1008 1632 1077 ulcera,
1645 1009 1703 1065 iera
1717 1010 1811 1080 quasis

1021 1094 1145 1151 acerbius
1160 1094 1270 1153 vultrera
1284 1096 1461 1157 mordentes:
1476 1097 1536 1154 aliis
1547 1100 1599 1155 alia
1614 1084 1736 1171 gratiora
1754 1114 1819 1173 sup-

1022 1186 1104 1257 plicia
1114 1187 1292 1259 excogitabat.
1308 1189 1453 1261 Postquam
1465 1190 1546 1263 igitur
1558 1191 1616 1249 haec
1628 1194 1718 1250 omnia
1728 1192 1817 1249 derisa

1021 1278 1098 1346 vidit,
1111 1286 1139 1336 et
1149 1280 1250 1351 eosqui
1260 1280 1331 1353 passi
1340 1280 1398 1338 hec
1407 1281 1524 1353 luerent,
1537 1298 1598 1341 curn
1609 1300 1641 1341 ea
1655 1284 1738 1341 multa
1752 1283 1819 1341 laci·

1022 1369 1098 1427 litate
1119 1385 1152 1428 ac
1171 1372 1350 1443 praenuntiari
1374 1373 1473 1431 rietute
1485 1372 1686 1447 superassent,
1714 1378 1819 1433 eatenis

1022 1460 1069 1531 qui
1090 1462 1229 1533 sequuturi
1253 1478 1300 1519 eos
1324 1473 1415 1521 essent
1441 1465 1519 1522 etin
1546 1466 1693 1523 certamina
1722 1467 1819 1524 eadem

1022 1550 1198 1621 descensuri,
1221 1568 1345 1626 magnam
1366 1555 1537 1613 confidentiae
1557 1558 1726 1615 occasionem
1748 1566 1819 1614 attu-

1022 1645 1088 1703 lisse
1102 1662 1110 1703 z
1124 1645 1188 1717 quid
1198 1646 1272 1720 agit?
1284 1646 1387 1705 Novum
1401 1648 1555 1705 insidiarum
1567 1665 1652 1722 genus
1674 1650 1820 1723 excogitat,
1936 1686 1940 1693 ·

1023 1746 1054 1795 ει
1073 1738 1247 1811 incogttatum
1259 1749 1288 1797 et
1299 1740 1435 1798 insolitum
1453 1742 1613 1815 supplicium
1626 1743 1732 1816 dejiciat
1746 1758 1821 1799 max·

1024 1829 1091 1901 tyris
1113 1830 1231 1886 animum
1252 1839 1332 1903 atque
1353 1832 1490 1903 percellat.
1511 1834 1588 1903 Quod
1609 1834 1682 1892 enim
1700 1834 1821 1893 auditum

1022 1932 1066 1981 εει
1078 1931 1106 1979 ει
1115 1924 1267 1995 cognitum,
1284 1924 1346 1982 licet
1360 1926 1529 1986 intolerabile
1543 1930 1595 1996 sit,
1618 1930 1822 2001 exspectatione
1891 1943 1895 1951 ·

1023 2015 1182 2075 meditatum
1194 2016 1273 2076 laeile
1287 2018 1314 2075 in
1333 2028 1517 2092 contemptum
1529 2022 1603 2078 seuit
1618 2042 1625 2079 :
1645 2022 1716 2093 quod
1730 2033 1822 2081 autem

1023 2115 1066 2163 est
1080 2106 1264 2178 inopinatum,
1280 2108 1343 2165 lieet
1360 2108 1419 2167 leve
1430 2110 1482 2181 sit,
1498 2110 1524 2165 id
1546 2126 1600 2182 prm
1614 2112 1720 2170 caeteris
1732 2113 1824 2171 omni·

1024 2198 1077 2257 bns
1089 2206 1132 2255 est
1150 2199 1358 2259 intolerandum.
1373 2202 1437 2259 listo
1448 2202 1541 2277 igitur
1552 2218 1651 2260 nomrn
1660 2196 1823 2273 certamen,

1024 2289 1180 2347 inusitatum
1195 2292 1451 2362 machinamentum,
1462 2301 1492 2352 ut
1503 2310 1572 2351 nota
1585 2304 1613 2351 et
1627 2296 1751 2354 inusitata
1765 2297 1825 2369 ejus

1025 2382 1131 2453 species
1145 2385 1328 2453 perturbatum
1342 2385 1420 2445 tacite
1436 2386 1565 2445 athletam
1577 2388 1741 2461 supplantet.
1754 2386 1826 2457 Quid

1024 2490 1090 2547 ergo
1104 2476 1185 2532 inciti
1194 2476 1462 2537 Sanetnmecarcere
1474 2480 1593 2537 vinetum
1608 2481 1706 2538 educit.
1716 2480 1825 2538 Etenim

1026 2566 1080 2625 hoe
1091 2582 1197 2641 quoque
1210 2569 1317 2627 malitie
1331 2569 1402 2627 illius
1415 2569 1480 2640 luit,
1502 2572 1573 2645 quod
1583 2574 1672 2631 statim
1694 2588 1709 2630 a
1723 2572 1825 2645 princi·

1028 2660 1074 2731 pio
1092 2676 1188 2733 graves
1207 2662 1345 2720 machinas
1365 2678 1418 2721 non
1433 2664 1597 2734 admoverit,
1619 2682 1671 2725 nee
1692 2667 1827 2727 horrenda

1029 2753 1159 2825 supplicia
1174 2754 1309 2823 intulerit,
1323 2755 1371 2813 sed
1382 2771 1397 2812 a
1407 2757 1557 2817 minoribns
1570 2774 1685 2832 pugnam
1700 2760 1825 2831 initerit;

1028 2844 1157 2917 quidita?
1171 2844 1206 2904 tta
1218 2847 1242 2905 si
1264 2847 1372 2920 quidem
1385 2848 1423 2919 ii,
1442 2851 1488 2923 qui
1510 2850 1718 2924 depugnabant,
1734 2854 1827 2911 vinee-

1027 2946 1131 3005 rentur,
1146 2939 1230 3009 turpis
1244 2938 1321 2997 lieret
1332 2956 1427 2997 eorum
1439 2942 1552 3013 clades,
1573 2944 1644 3015 quod
1668 2960 1702 3001 ne
1723 2946 1828 3017 exiguis

1031 3028 1141 3101 quidem
1161 3030 1336 3101 amiensem,
1359 3034 1502 3093 sinautem
1521 3036 1675 3107 superiores
1685 3047 1777 3095 essent
1796 3053 1829 3095 ae

1030 3120 1188 3193 vincerent,
1213 3138 1275 3181 eum
1290 3124 1317 3182 in
1342 3125 1492 3183 minoribus
1518 3128 1593 3199 prius
1606 3144 1699 3185 eorum
1722 3128 1830 3187 atitictm

1030 3213 1103 3271 vires
1120 3223 1253 3285 esseut,a
1275 3216 1422 3288 majoribus
1435 3220 1583 3291 expugnavi
1605 3218 1683 3277 incile
1708 3232 1828 3292 possent.

1029 3303 1134 3363 ideireo
1146 3307 1250 3365 minora
1266 3308 1340 3379 prius
1353 3308 1490 3380 adhibuit,
1504 3320 1533 3368 ut
1546 3312 1603 3369 site
1621 3306 1829 3385 expugnaverit,

1029 3398 1088 3457 sive
1108 3414 1163 3457 non
1178 3401 1385 3474 expugnaverit,
1401 3418 1446 3463 res
1473 3412 1572 3475 pratee
1588 3410 1681 3462 votum
1700 3418 1754 3461 non
1768 3418 1831 3463 suc·

1031 3491 1131 3549 cedat:
1147 3492 1209 3551 Sive
1223 3494 1295 3551 enirn
1317 3508 1521 3567 expugnavere,
1537 3496 1652 3569 inquit,
1666 3496 1740 3567 ipsos
1759 3495 1831 3555 deri·

1032 3598 1110 3653 sero;
1125 3585 1147 3641 si
1159 3594 1312 3643 autemnon
1324 3600 1523 3659 expugnavere,
1536 3588 1700 3647 infirmiores
1711 3589 1746 3647 ad
1759 3588 1833 3646 tutn-

1032 3693 1063 3735 ra
1074 3678 1226 3737 reddidero.
1241 3680 1263 3737 Ε
1276 3696 1385 3739 earcere
1397 3682 1477 3754 igitur
1487 3682 1575 3754 ipsum
1584 3681 1689 3750 edncha
1704 3683 1749 3740 ille
1764 3697 1832 3739 vero
1848 3754 1852 3761 .

1033 3780 1169 3844 tamquam
1183 3786 1329 3845 generosus
1350 3774 1450 3832 athleta
1464 3774 1549 3831 multo
1564 3784 1685 3847 tempore
1703 3774 1731 3831 in
1749 3774 1833 3845 pale·

1033 3850 1090 3923 st'ra
1111 3867 1273 3925 exercitatus
1293 3868 1385 3925 exibat
1397 3884 1404 3923 ι
1418 3868 1542 3939 palestra
1566 3868 1697 3941 siquidem
1721 3869 1835 3940 martyri

1034 3968 1215 4026 carcereum
1229 3960 1318 4033 ibique
1338 3974 1460 4020 morsum
1473 3974 1535 4017 eum
1550 3960 1607 4017 beo
1627 3960 1784 4033 colloquens
1797 3960 1834 4017 ab

1035 4052 1084 4109 itio
1104 4061 1199 4109 cuncta
1212 4052 1366 4111 luctationis
1387 4052 1498 4111 artidcia
1521 4052 1667 4111 discebat:
1692 4053 1738 4109 ubi
1760 4054 1834 4111 onim

1036 4147 1100 4205 talia
1113 4146 1235 4216 vincula,
1249 4147 1286 4205 ibi
1300 4154 1328 4203 et
1345 4146 1469 4205 Christus
1480 4146 1567 4205 adeat.

1073 4240 1245 4312 importantur
1257 4242 1345 4297 manui
1358 4240 1413 4313 ειίιι
1426 4256 1516 4313 pnite
1528 4241 1662 4308 ardentem·
1672 4239 1781 4313 eleganti
1795 4240 1832 4295 si-

1037 4334 1183 4393 militudine
1193 4333 1288 4404 sactum
1300 4344 1415 4391 ιιιειιιει.
1425 4364 1462 4376 -
1475 4332 1566 4407 ltaque
1574 4332 1762 4405 egrediebatur
1773 4334 1835 4391 lon·

1037 4426 1107 4499 giovi
1119 4426 1235 4483 carceris
1255 4424 1419 4483 habitatione
1428 4425 1563 4483 mbnstior
1576 4423 1663 4483 iactus
1674 4412 1685 4494 ξ
1694 4440 1845 4498 egressum

1039 4528 1130 4577 autem
1144 4518 1219 4575 illum
1233 4533 1294 4574 eum
1314 4518 1341 4573 in
1363 4516 1481 4575 medium
1503 4516 1625 4574 diabolus
1643 4533 1691 4590 per
1703 4532 1768 4584 eos,
1787 4518 1836 4591 qui

1040 4610 1125 4683 ipsius
1138 4610 1303 4683 improbitati
1317 4594 1523 4675 famulabantur,
1539 4608 1710 4676 adduxisset,
1725 4626 1778 4665 non
1800 4610 1835 4665 ad
1887 4628 1892 4638 ·

1041 4703 1183 4773 equuleum
1207 4701 1343 4773 alligavit,
1372 4716 1425 4757 non
1438 4708 1439 4713 ’
1451 4700 1622 4757 camilleibus
1642 4701 1726 4757 cinxit
1744 4718 1751 4755 a
1777 4700 1836 4756 lame

1041 4794 1113 4850 euim
1126 4794 1188 4848 enin
1200 4806 1362 4863 percepere,
1374 4806 1406 4847 ae
1420 4791 1634 4863 praemeditatum
1649 4808 1709 4850 esse
1720 4792 1835 4864 jampri-

1042 4884 1103 4943 dem
1114 4884 1239 4950 vittebat;
1254 4883 1301 4940 sed
1316 4884 1432 4941 insolens
1445 4884 1578 4956 quoddam
1600 4900 1633 4941 ae
1646 4900 1762 4953 nouum,
1787 4898 1838 4942 nee

1042 4992 1167 5049 umquam
1178 4974 1348 5034 lormidatum
1362 4975 1606 5034 machinamentum
1620 4977 1747 5034 admovet
1759 4977 1836 5043 tturi,

166 5069 172 5077 ’
187 5062 236 5119 sed
250 5063 286 5120 ita
299 5064 426 5136 allectus,
444 5076 473 5124 ut
486 5070 575 5127 minus
589 5086 669 5143 quarn
683 5080 770 5131 statua
782 5072 921 5133 doloribus
931 5076 985 5132 olr-
1044 5082 1098 5140 0¹¹⁰
1112 5066 1190 5125 slsslll
1209 5066 1294 5139 Ρθδὸῑῑ
1308 5066 1464 5123 ΰθῑΰΐῧθῐῑῑ
1487 5068 1539 5125 ¹¹⁰⁰
1552 5067 1625 5125 enim
1639 5076 1695 5135 0⁵¹2
1715 5066 1788 5138 iuml
1809 5066 1840 5123 5¹¹

187 5157 285 5215 noxius
298 5167 380 5217 esset.
391 5159 448 5218 lmo
460 5176 525 5220 nevo
537 5162 645 5221 dolebat
656 5164 702 5223 lite
714 5164 842 5239 quidem,
853 5182 886 5224 ae
901 5170 987 5241 patie-
1043 5163 1168 5221 omnibus
1181 5161 1271 5220 studet
1289 5163 1419 5231 maxime,
1434 5172 1464 5219 ut
1474 5164 1627 5239 supplantet
1641 5162 1745 5234 potius,
1759 5176 1840 5233 quum

186 5236 284 5319 baltili
295 5257 393 5327 eorpus
405 5254 477 5313 enirn
491 5264 564 5325 erat,
576 5254 649 5329 quod
667 5258 838 5330 subjacebat,
861 5275 916 5317 non
931 5260 988 5319 ier·
1018 5328 1023 5335 Ι
1044 5264 1074 5313 ut
1085 5255 1179 5312 dolore
1196 5264 1320 5327 torqueat
1334 5264 1452 5313 sanctos.
1466 5254 1606 5322 Quodnam
1619 5254 1699 5325 igitur
1718 5250 1785 5309 illud
1799 5262 1842 5309 εει

187 5356 248 5399 vum
264 5362 271 5399 ε
288 5346 336 5403 sed
347 5346 443 5405 dolens
456 5364 488 5406 ac
500 5350 606 5421 patiens
617 5350 837 5423 incorporearum
855 5348 986 5413 vicimum
1044 5348 1308 5405 machinamentum?
1321 5347 1388 5406 Cum
1398 5362 1479 5419 supet·
1490 5362 1564 5403 aram
1575 5346 1721 5403 extendere
1731 5360 1841 5404 manum

189 5435 216 5490 in
231 5438 338 5495 mortali
348 5454 461 5511 corpore
474 5441 672 5515 philosophiam
686 5457 741 5514 prae
753 5458 784 5501 se
794 5442 906 5510 larebat,
1017 5470 1023 5513 3
1045 5444 1168 5516 supinam
1178 5444 1343 5515 iussissent,
1365 5456 1464 5513 prunas
1478 5450 1506 5499 et
1517 5441 1579 5497 ttius
1591 5440 1682 5497 manui
1702 5440 1841 5519 imposue-

181 5544 185 5574 =
223 5530 253 5584 h.
274 5530 634 5607 Nmmiammdemnrtgrio
647 5532 771 5591 Berisum
784 5534 987 5596 orditum-Ve-
1020 5524 1127 5615 lrunt,
1142 5544 1171 5593 ut
1184 5537 1207 5592 si
1228 5534 1319 5593 doleat
1332 5549 1364 5591 ae
1380 5548 1490 5589 manum
1514 5532 1645 5601 intentat,
1670 5533 1780 5604 perinde
1803 5532 1843 5589 illi

190 5626 390 5683 runvevvimvero
402 5628 561 5701 martyrium
573 5626 632 5699 elus
644 5625 845 5685 altiusexorsus
858 5627 984 5698 narrabo,
1008 5625 1016 5692 Ῐ
1046 5630 1146 5687 iactum
1160 5630 1308 5700 imputent,
1325 5642 1356 5683 ae
1372 5626 1394 5683 si
1405 5626 1593 5683 sacrificaverit
1602 5634 1682 5699 atque
1693 5635 1845 5697 transgres-

192 5726 222 5772 ιιι
235 5718 404 5776 maniiestior
417 5722 464 5777 liat
476 5720 607 5778 historia:
625 5730 653 5778 tu
666 5736 731 5779 vero
744 5719 874 5779 malitiam
888 5722 989 5782 diaboli
1009 5736 1014 5763 2
1047 5736 1094 5779 sus
1114 5721 1206 5793 lapsus
1219 5719 1307 5775 luerit.
1324 5717 1406 5775 Vides
1417 5732 1497 5791 quam
1513 5727 1637 5775 versutus
1650 5718 1686 5774 sit
1698 5714 1844 5775 diabotust

160 5800 176 5857 f
190 5812 339 5887 considera.
349 5812 485 5883 Quosdam
506 5815 615 5887 quidem
625 5824 781 5875 sanctorum
795 5816 823 5876 in
835 5819 988 5891 sartagines
1050 5815 1086 5871 At
1099 5812 1170 5885 ride,
1185 5828 1237 5889 quo
1247 5820 1325 5886 pacto
1342 5811 1379 5883 is,
1396 5812 1442 5885 qui
1454 5809 1653 5883 comprehendit
1669 5810 1848 5881 sapientes-iu
1970 5872 1972 5876 ,

309 5902 343 5969 S.
364 5904 656 5995 lemicianxsosr.
678 5908 719 5973 ll·
777 5904 781 5913 ’
1461 5900 1705 5987 trime-mue.)
