4142 6342
145 377 229 479 ,gs
689 356 705 370 ’
911 397 1099 459 antsaotnt.
1743 365 1799 435 Ν

145 533 245 591 laeum
259 526 445 595 amamus,
459 533 486 583 te
508 521 727 583 dccoudeceotes
743 514 950 591 atqueiucredi·
1004 515 1133 573 Sicenim
1147 514 1181 573 ad
1194 511 1322 571 auxilium
1337 518 1458 569 nostram
1472 506 1532 565 baec
1553 500 1660 565 ooottlo
1680 497 1796 559 selleca*

148 624 203 683 biii
218 616 335 697 quodam
353 620 392 680 tui
406 632 500 677 amore
512 616 668 691 bagrautes.
681 608 910 686 saumteeusa
924 616 952 667 te
1004 608 1051 679 rit,
1065 606 1120 666 lieu
1132 622 1230 681 uentpe
1251 614 1369 665 mentera
1389 611 1516 671 uestram,
1538 610 1598 675 quo
1611 596 1640 656 iu
1659 600 1733 655 acta
1752 606 1799 653 rer

148 718 331 795 quoqueiruc
353 715 502 782 renire,ac
523 725 636 769 cernem
661 706 795 782 cupitum.
819 704 952 778 mooun
1004 716 1066 760 rum
1081 701 1281 775 perturbatione
1292 708 1364 758 recta
1375 697 1459 772 eligit,
1480 692 1683 769 comprobante,
1705 704 1798 751 mant·
1849 740 1851 749 .

150 810 287 871 autemid
301 808 476 876 diittciieost,
495 801 690 865 sdsecuodarn
708 798 955 874 mrigatiouiscor·
1005 792 1298 871 queopemaiiercntc.
1743 788 1746 797 ’

148 920 215 961 suru
229 902 362 973 veniamus,
375 914 498 973 eamque,
517 913 598 972 quam
611 897 695 954 litere
718 894 841 967 pariunt,
854 905 951 950 conso-
1039 905 1217 969 gfflpgp,
1231 907 1339 981 mom-0
1348 909 1474 981 ,ww
1487 896 1768 979 (fflgmwgqg)
1819 902 1823 945 Ι

149 995 283 1053 ¹²¹⁵⁰¹¹⁶¹¹¹
297 996 386 1053 ³¹³⁸oe
407 992 583 1067 ¹³⁰⁸⁸⁰¹²¹¹m³⁰
596 989 740 1095 “Qum
760 987 859 1093 ΨῗῙΡΡθ
882 984 956 1043 ‘⁰¹²'
1041 1023 1362 1097 oruntisndextremos
1383 1037 1467 1095 usque
1483 1020 1694 1080 arbitrecessns
1715 1030 1802 1075 renc-
1906 1036 1909 1046 =

151 1090 224 1147 uum
245 1087 326 1148 '⁸⁰⁵⁸
336 1099 399 1157 ‘m’
424 1087 579 1159 ‘mmm
591 1082 719 1155 ⁰⁹¹⁵²⁰¹⁸⁵
740 1093 872 1153 “⁰⁰¹¹'m’
893 1091 954 1151 Μ
1005 1119 1101 1186 timus,
1116 1129 1204 1176 tamen
1219 1125 1271 1175 tue
1296 1114 1416 1173 caritatis
1435 1114 1559 1171 obliuisci
1581 1112 1692 1171 minime
1706 1124 1803 1185 passu*

151 1196 208 1239 ¹⁸⁰⁶
217 1180 252 1239 de
267 1188 312 1238 ω’
325 1172 739 1248 ¹⁸1⁶⁸⁰di¹¹⁰⁰⁰m⁰oe⁸hffl⁰h
1007 1230 1078 1283 mos,
1089 1228 1185 1274 terum
1201 1228 1260 1272 eam
1272 1213 1370 1287 passim
1386 1209 1599 1270 circumferimus
1613 1226 1621 1269 a
1635 1222 1719 1283 usque
1733 1206 1802 1293 adeo

215 1315 356 1375 bffli'.
369 1312 590 1388 bucioeplseopo.
606 1309 721 1385 (Scripta
739 1300 899 1379 ansoldi.)
1007 1324 1080 1377 nos,
1115 1306 1341 1366 reverendissimo
1373 1322 1406 1365 ac
1432 1304 1634 1379 religiosissime
1670 1301 1779 1360 domino
1791 1308 1805 1368 ,⁹

741 1395 745 1405 ’
1007 1403 1056 1462 tibi
1068 1402 1210 1461 detruxisti
1232 1400 1274 1460 ac‘
1286 1401 1425 1474 subegisti.
1439 1398 1577 1473 Siquidem
1603 1411 1677 1456 nunc
1693 1408 1802 1470 quoque

1006 1496 1104 1555 Cucuti
1119 1506 1268 1564 manentes,
1282 1494 1335 1552 boc
1348 1502 1390 1553 cst
1403 1495 1431 1551 in
1453 1492 1638 1552 desertissima
1650 1488 1736 1549 nostri
1757 1502 1804 1544 or·

1006 1588 1050 1647 bis
1070 1588 1149 1657 ioco,
1170 1586 1360 1660 benignitatem
1387 1594 1471 1654 tuam,
1501 1584 1671 1651 mannum,
1698 1592 1805 1637 moroan

1007 1680 1173 1749 ruditatem,
1187 1678 1321 1736 siuccram
1345 1678 1427 1735 animi
1443 1676 1661 1751 propensionem,
1686 1670 1806 1731 emimo-

1007 1773 1092 1841 omna,
1104 1772 1192 1831 seium
1206 1774 1302 1848 quotis
1315 1773 1376 1847 iguo
1390 1773 1591 1839 ferventiorem,
1605 1777 1718 1827 caetcrts
1729 1764 1807 1825 deni·

1009 1882 1063 1940 quo
1074 1882 1170 1923 omues
1183 1876 1243 1925 tuas
1252 1866 1366 1925 virtutes
1374 1880 1436 1924 cunt
1448 1865 1545 1925 animis
1560 1861 1659 1922 nostris
1668 1866 1805 1934 reputare,

1007 1970 1088 2033 atquo
1104 1959 1237 2030 ejusmodi
1249 1959 1440 2031 cogitationum
1453 1957 1610 2015 memoriam
1623 1966 1729 2012 summa
1742 1963 1805 2011 cust

1007 2050 1145 2123 voluptate
1157 2065 1297 2123 usurpare,
1318 2052 1468 2122 mentisque
1483 2058 1536 2105 tuae
1551 2046 1705 2103 tirmitatom
1719 2052 1801 2115 atauus

1007 2144 1195 2213 constantiam,
1211 2160 1291 2218 qnam
1304 2144 1449 2203 exhibuisti
1469 2140 1598 2200 adversus
1609 2154 1658 2199 eos
1671 2138 1717 2211 qui
1729 2135 1805 2196 reri·

1008 2238 1055 2295 tati
1066 2237 1164 2299 beilum
1178 2238 1334 2305 intulerunt,
1347 2237 1495 2309 orbemque
1508 2244 1548 2293 tot
1559 2232 1694 2293 soanddie
1708 2230 1806 2304 imple·

1006 2338 1113 2398 rerunt,
1129 2328 1200 2403 apud
1222 2343 1318 2387 omues
1340 2328 1487 2402 praedieere
1508 2328 1618 2385 minimo
1640 2322 1807 2393 desluimotg

1007 2423 1116 2483 etiamsi
1141 2422 1241 2497 alioqui
1265 2422 1319 2480 boc
1331 2422 1427 2497 linguae
1441 2428 1541 2479 nostras
1554 2416 1672 2477 nillciutn
1696 2414 1809 2475 minima

1007 2518 1141 2591 requiras,
1161 2532 1223 2575 cunt
1238 2526 1265 2574 tu
1287 2518 1382 2591 quavis
1404 2516 1468 2574 tuba
1491 2516 1601 2583 clarius,
1622 2511 1695 2587 apuu
1711 2522 1808 2569 omues

1008 2611 1176 2680 orientales,
1191 2622 1219 2671 et
1229 2628 1310 2686 quam
1323 2612 1481 2689 longissime
1489 2609 1599 2668 dissitus
1609 2607 1744 2677 ltomiues,
1759 2619 1808 2679 per

1007 2720 1054 2763 res
1067 2705 1140 2778 ipsus
1152 2704 1180 2761 id
1192 2705 1379 2778 promulgaris.
1394 2705 1454 2773 Quo
1465 2702 1573 2777 quidem
1586 2700 1694 2759 nomine
1704 2697 1806 2773 gratiss

1008 2800 1058 2857 tibi
1067 2800 1182 2872 agimus,
1196 2806 1277 2872 teque
1286 2798 1393 2857 beatum
1404 2797 1582 2871 predicamus
1593 2810 1625 2853 ac
1632 2782 1805 2867 suspicimus,

1007 2902 1090 2965 atquo
1099 2894 1248 2961 hortamur,
1263 2900 1293 2949 nt
1306 2891 1430 2949 eumdem
1443 2891 1529 2948 uelum
1542 2905 1597 2963 prae
1618 2897 1645 2945 te
1657 2887 1731 2946 serre
1745 2900 1808 2959 per·

1009 3001 1068 3058 gas.
1082 2984 1175 3058 Neque
1198 2984 1269 3041 euim
1293 2985 1365 3058 paris
1389 2984 1539 3051 mediaest,
1564 2982 1646 3039 rebus
1672 2994 1707 3037 ex
1726 2976 1809 3035 animi

1007 3077 1307 3146 munatiauucmibus,
1336 3077 1497 3149 integritatis
1519 3074 1655 3149 specimen
1667 3071 1806 3140 exhibere,

1008 3180 1034 3228 et
1049 3185 1111 3228 cum
1124 3170 1200 3227 turriti
1221 3170 1333 3243 sintqui
1356 3169 1491 3227 Ecclesiae
1518 3177 1640 3226 evomere
1661 3172 1806 3234 coactatur,

1008 3278 1063 3322 non
1078 3272 1168 3322 tarueu
1182 3264 1270 3337 decipi
1284 3279 1317 3323 ac
1330 3262 1523 3331 circumscribi,
1546 3262 1594 3321 sed
1617 3260 1726 3321 demum
1736 3328 1740 3335 ἢ
1751 3274 1809 3317 aaa·

1008 3373 1084 3425 aere,
1100 3372 1212 3430 sesqua
1226 3355 1305 3415 decet
1324 3356 1406 3414 animi
1421 3354 1603 3428 magnitudine
1624 3361 1808 3411 trermutom.

1008 3450 1102 3525 Neque
1115 3450 1189 3509 oraim
1200 3465 1293 3523 parra,
1310 3464 1403 3507 aerum
1418 3464 1547 3521 periguam
1567 3447 1662 3521 iugens
1675 3446 1808 3503 maiorum

1007 3544 1144 3601 medicina
1159 3542 1218 3601 boo
1231 3551 1283 3601 est.
1306 3541 1383 3612 Quod
1395 3552 1496 3609 autem
1507 3541 1607 3617 pietate
1620 3547 1664 3598 tua
1686 3538 1721 3596 ad
1736 3540 1808 3598 iturae
1894 3536 1896 3539 ’

1008 3637 1117 3694 modum
1127 3652 1158 3695 se
1168 3647 1289 3711 gerente,
1301 3652 1396 3695 omues
1407 3635 1510 3695 donatiui
1518 3636 1570 3693 mei
1585 3633 1805 3693 reverendissimi

1007 3739 1036 3787 et
1048 3730 1242 3803 religiosissumi
1257 3716 1410 3789 Palaestinae
1426 3729 1545 3801 episcopi
1558 3727 1675 3801 uestigiis
1690 3712 1742 3783 tuis
1755 3727 1809 3784 bse-

1011 3824 1067 3880 sori
1083 3824 1148 3893 siut,
1162 3822 1273 3880 nriuime
1287 3823 1334 3880 tibi
1347 3823 1456 3879 dubium
1471 3836 1532 3879 csse
1544 3820 1635 3878 credo.
1655 3820 1724 3877 iliud
1735 3821 1809 3877 eninr

1008 3916 1076 3973 milri
1090 3916 1336 3988 exploratissimum
1347 3927 1400 3985 est,
1416 3914 1473 3971 lore
1487 3925 1516 3970 ut
1530 3915 1556 3970 in
1568 3912 1705 3986 preclaris
1717 3911 1807 3985 btrjus·

1007 4008 1081 4065 modi
1107 4007 1195 4077 lactis,
1209 4008 1278 4065 sicut
1299 4022 1398 4079 eorpus
1415 4006 1495 4077 capiti
1517 4005 1671 4076 adiunctum
1689 4012 1744 4073 cst,
1767 4005 1808 4063 sic

201 4094 357 4154 trxrtt.
373 4096 443 4153 llari
457 4100 586 4171 episcopo.
614 4098 729 4173 (Scripta
743 4115 814 4158 anno
826 4098 908 4177 titt.)
1007 4114 1057 4157 eos
1066 4100 1124 4171 ipse
1137 4114 1198 4155 cutm
1220 4098 1339 4155 caritatis
1354 4106 1406 4154 tuac
1416 4098 1549 4155 suavitate
1561 4104 1706 4153 connectas
1716 4109 1807 4153 acae-

1008 4192 1047 4249 lut
1062 4192 1165 4251 catenis
1179 4191 1330 4266 obstringas
1347 4210 1354 4248 ε
1370 4192 1442 4265 quod
1456 4190 1566 4265 quidem
1579 4190 1725 4249 maximum
1739 4205 1821 4264 quo·-

1008 4304 1061 4360 que
1077 4297 1130 4345 tuac
1142 4287 1248 4345 virtutis
1266 4297 1452 4361 argumentum
1466 4296 1519 4345 est.

193 1451 254 1510 Etsi
275 1464 373 1525 magno
385 1449 489 1507 itineris
503 1446 670 1506 intervallos
685 1455 711 1503 te
725 1441 838 1515 sejrrncti
850 1453 953 1509 sumus,

154 1552 248 1603 tannen
263 1543 328 1601 illud
352 1542 536 1615 improborum
560 1539 662 1608 odium,
689 1553 743 1611 quo
764 1536 870 1592 artimus
893 1541 955 1589 tuus

154 1638 286 1713 praeditus
303 1647 355 1704 est,
370 1636 483 1694 tuinitue
502 1634 580 1692 nobis
592 1633 737 1691 obscurum
750 1630 808 1697 luit,
823 1628 955 1699 dolorque

154 1733 214 1803 ille,
227 1748 308 1805 quem
323 1742 432 1804 propter
442 1731 545 1804 eosqui
558 1738 630 1787 natta
645 1726 743 1800 flagitia
755 1730 954 1798 perpetrarunt,

157 1834 251 1897 totque
265 1822 401 1891 scandalis
414 1823 508 1880 orbem
525 1821 715 1893 impleuerant,
730 1814 955 1888 attiruoconcepi·

154 1920 203 1975 sti.
215 1918 361 1990 Propterea
378 1916 425 1974 tibi
437 1917 537 1991 gratias
546 1916 661 1990 agimus,
681 1912 856 1984 mirilicisqne
868 1908 953 1966 laudi-

155 2010 210 2071 bus
223 2011 282 2070 sine
300 2010 356 2069 ulia
379 2010 579 2069 intermissione
600 1994 816 2074 leceiebramus,
842 2003 914 2078 qrtod
928 2004 955 2059 in

155 2116 231 2163 tanta
246 2106 376 2162 malorum
388 2104 513 2171 colluvie,
529 2110 622 2174 totque
636 2098 791 2156 bominibus
809 2098 837 2153 in
857 2094 955 2168 praci-

156 2198 222 2271 pitia
237 2207 265 2255 et
286 2196 412 2269 scopulos
432 2195 581 2258 ruentibus,
605 2202 634 2249 tu
662 2199 766 2247 rectum
790 2187 846 2245 iter
863 2185 956 2245 tenere

156 2290 269 2349 minime
294 2289 429 2358 destitisti,
452 2304 484 2345 ea
505 2303 565 2361 quae
578 2287 724 2343 factasunt
742 2279 954 2356 reprebendens,

155 2398 270 2456 eosque,
283 2399 299 2439 a
313 2383 411 2456 quibus
430 2380 500 2439 lacta
523 2389 597 2446 suut,
619 2392 760 2445 aversans,
780 2383 811 2431 ot
833 2374 914 2431 etiam
929 2380 957 2431 te

156 2473 248 2533 lacere
261 2490 310 2547 par
321 2482 373 2533 est·
396 2472 488 2546 anue
506 2469 542 2527 dc
564 2484 645 2527 causa
667 2478 694 2525 te
708 2468 857 2535 bortamur,
876 2475 905 2522 ut
927 2465 955 2522 iu

69 2615 70 2648 ,
157 2565 266 2637 egregia
285 2564 336 2633 bac
358 2563 441 2619 animi
462 2559 600 2628 alacritate
626 2572 748 2635 petates,
771 2558 957 2631 maioremque

157 2658 239 2714 etiam
257 2656 344 2713 aelam
357 2671 412 2729 praa
431 2665 459 2713 tc
469 2654 549 2713 teras.
566 2653 625 2713 scis
642 2654 785 2727 enimqum
796 2652 872 2710 uobis
883 2667 956 2710 mer·

158 2761 206 2805 ces
227 2746 315 2805 luttrra
339 2747 386 2815 sit,
410 2762 471 2819 qnae
497 2745 618 2818 praemia,
645 2760 705 2818 quac
729 2758 849 2813 coronae,
873 2743 899 2801 si
917 2752 958 2801 tot

69 2885 70 2890 1
159 2840 219 2898 aliis
230 2839 457 2913 perturbantibus,
470 2839 635 2897 contrarium
643 2846 733 2896 tamen
741 2839 793 2895 iter
803 2828 954 2906 tenueritis,

113 2936 117 2941 ’
158 2932 304 2991 maximam
317 2932 493 3007 presentibus
506 2932 584 2989 matis
589 2931 749 2989 medicinam
767 2930 830 2987 laittc
838 2929 954 2987 aderen-

69 3069 70 3076 ,
157 3033 209 3081 tes.
224 3023 292 3081 iiam
304 3023 387 3097 quod,
403 3025 510 3081 etiamsi
528 3024 628 3097 alioqui
643 3024 739 3097 exiguo
758 3037 871 3079 numero
884 3022 955 3093 sitis,

158 3125 248 3173 tamen
262 3117 285 3172 si
311 3125 466 3175 streuuoac
489 3117 550 3174 lorti
564 3118 656 3175 antimo
677 3118 704 3173 in
724 3121 865 3190 procinctu
884 3125 957 3174 stare

69 3207 70 3280 s
159 3209 307 3279 uolueritis,
323 3211 440 3284 maiores
454 3211 546 3285 copias
565 3212 601 3269 ob
623 3212 824 3285 improbitatem
837 3211 958 3285 glorian·

158 3307 362 3387 tessuperatttri
385 3305 457 3375 sitis,
481 3322 562 3364 nemo
583 3305 688 3365 inicias
701 3305 773 3364 icrit.
793 3305 864 3362 Nihil
882 3305 956 3363 enim

159 3400 253 3459 lortius
264 3410 306 3459 ost
319 3402 417 3458 rirlttte
429 3414 577 3467 earumque
589 3413 678 3456 rerum
693 3399 885 3473 perquisitione
896 3401 957 3471 qui

160 3493 210 3551 bus
238 3494 393 3569 praesidium
419 3494 548 3553 dedetis
572 3503 752 3567 comparatur.
782 3493 850 3551 Catu
875 3495 957 3567 igitur

160 3587 277 3643 animam
303 3588 337 3645 ati
362 3588 498 3661 ingentem
517 3590 565 3645 Dei
590 3604 669 3662 opem
693 3589 884 3647 accersendam
898 3590 956 3647 ido·

159 3693 239 3735 neunt
252 3678 381 3748 lubeatis,
408 3696 468 3752 que
481 3690 629 3737 uestrarum
648 3682 764 3753 partium
779 3692 852 3750 sunt,
875 3682 955 3741 aelim

159 3773 299 3844 expleatis,
311 3788 414 3846 rusque
428 3789 476 3845 per
487 3773 639 3847 inuiosmodi
658 3785 777 3833 mentem
787 3792 821 3833 ac
834 3778 956 3835 rutunta·

160 3876 213 3923 tem
226 3866 371 3925 irruissitni
392 3864 531 3939 cuiusdam
551 3868 622 3927 muri
640 3869 725 3926 instar
742 3870 869 3929 otttuibut
881 3872 956 3930 orbis

162 3960 287 4019 Ecclesiis
301 3962 456 4033 praebeatis.

106 4258 114 4267 ·
196 4232 308 4290 Etcum
329 4244 531 4307 tempestasca,
555 4250 606 4307 qua
629 4234 749 4293 Ecclesia
775 4236 882 4293 turbata
901 4248 955 4308 est,

160 4329 319 4396 exoriretur,
342 4330 425 4387 artiori
452 4330 491 4387 tui
517 4330 696 4403 integritatem
718 4340 800 4405 atque
826 4340 955 4390 constan·

161 4421 222 4477 darn
245 4424 431 4495 perspeximus
456 4432 507 4481 :et
530 4438 602 4479 nouo
621 4424 685 4481 itera
709 4424 957 4497 ingravescentibus
1008 4402 1201 4462 mmm·
1214 4404 1312 4463 ”ml
1331 4406 1448 4481 ‘illum
1464 4403 1707 4480 mmsdmm·
1722 4402 1808 4479 (siff

161 4515 374 4587 tnaiispietatetu
389 4525 464 4574 toatn
481 4518 510 4575 in
534 4516 630 4575 iisdem
648 4534 741 4577 rursus
754 4519 881 4577 institutis
896 4536 958 4593 per·
1000 4579 1003 4584 ,
1156 4580 1166 4592 ,
1221 4506 1267 4573 1³⁸³
1294 4498 1392 4557 0⁰⁰⁰&
1410 4512 1482 4556 ΝΜΟ
1508 4498 1591 4571 4οΜ

163 4622 284 4665 seuerare
308 4610 493 4680 eognovimus.
524 4610 617 4683 quue
642 4611 768 4679 nuntiate,
798 4621 852 4669 ιιιιι
876 4613 956 4687 longe
1045 4611 1180 4670 (incusum
1195 4612 1305 4684 relegati
1323 4628 1427 4680 surrtus,
1440 4627 1491 4669 nec
1509 4621 1728 4669 tamenasestra
1740 4610 1809 4670 cart·

163 4699 223 4759 licet
239 4718 256 4759 a
276 4712 303 4761 te
316 4704 414 4775 dissiti,
446 4703 567 4763 debitam
596 4706 643 4763 tibi
669 4707 839 4764 salutationis
854 4722 957 4792 'munus
1010 4714 1064 4763 tate
1082 4706 1188 4762 attracti.
1208 4704 1276 4761 iliud
1301 4705 1400 4762 etenim
1415 4706 1441 4762 iu
1456 4705 1568 4762 aliorum
1583 4712 1713 4777 potestate
1727 4702 1808 4760 siturn

162 4794 350 4868 persolsimus,
379 4808 459 4871 teque
485 4798 606 4855 stiriiicis
632 4798 755 4871 laudibus
778 4798 954 4869 extollimus,
967 4800 985 4835 ⁶
1009 4810 1077 4869 erat,
1090 4800 1140 4858 lanc
1150 4810 1241 4857 nutem
1253 4800 1279 4856 iu
1294 4809 1395 4858 nostra.
1410 4800 1589 4871 erarnobrcrn
1611 4798 1655 4856 bic
1668 4798 1807 4871 degentes,

162 4888 231 4961 quod
244 4906 306 4949 caru
319 4890 429 4963 plurimi
452 4907 500 4966 per
511 4906 543 4949 ea
557 4892 672 4961 scelera,
686 4907 746 4964 qun
759 4891 889 4949 adsersus
902 4893 956 4949 Eo·
1009 4909 1042 4951 ac
1064 4903 1138 4951 tanto
1150 4879 1291 4951 interuallo
1304 4893 1401 4961 dissiti,
1420 4892 1586 4951 rurreratioui
1602 4902 1697 4948 restam
1711 4890 1808 4948 scribi·

163 4985 257 5044 clesias
276 4985 572 5059 daiguarutmeseia
585 4988 697 5045 exitium
709 4987 861 5061 precipites
875 4986 958 5045 dede·
1010 5002 1088 5056 tnus;
1103 5003 1205 5061 vosque
1219 4987 1367 5056 hortamur,
1388 4986 1610 5045 utiortitudincm
1631 5002 1702 5052 carn,
1728 5002 1808 5058 quam
1926 5020 1929 5027 ·

164 5078 226 5145 rint,
240 5078 298 5149 ipse
310 5088 399 5137 tarsen
412 5080 482 5137 riam
502 5080 617 5138 aliorum
642 5080 846 5139 rimadaersaut
859 5088 956 5139 motte-
1009 5081 1045 5139 ab
1059 5080 1134 5138 initio
1149 5081 1318 5153 praestitistis,
1344 5081 1379 5137 ab
1400 5096 1494 5137 eorurn
1510 5078 1637 5135 nimirum
1658 5086 1740 5147 cteta,
1763 5080 1809 5151 qui

165 5166 211 5234 ris,
223 5167 350 5226 taimirutn
362 5180 390 5227 et
401 5186 507 5242 eorum,
522 5175 568 5246 qui
592 5175 651 5233 naec
661 5176 720 5232 ausi
737 5184 809 5243 suut,
830 5189 960 5249 congres-
1009 5174 1144 5233 Ecclesiae
1153 5183 1191 5231 tot
1202 5176 1358 5233 tumultibus
1366 5174 1553 5247 impleverunt,
1567 5187 1615 5229 sos
1626 5182 1808 5237 renascentes,

165 5258 383 5334 surudelugie'os,
396 5270 707 5342 etaechaetedigua
721 5278 790 5337 erat,
805 5269 957 5327 libertatern
1010 5281 1082 5325 raunc
1108 5282 1213 5340 quoque
1237 5264 1385 5335 retineatis,
1408 5280 1553 5338 paremque
1577 5265 1731 5337 proludiis,
1754 5266 1809 5320 imo

164 5350 292 5411 “lm
312 5355 440 5427 c⁰l⁵¹²¹¹⁸
458 5358 558 5431 itaque,
572 5370 671 5431 tabaria
697 5361 820 5433 predari
845 5361 959 5436 laniusce
1010 5364 1092 5422 etiam
1119 5363 1198 5436 longe
1211 5362 1418 5437 splendidiorem
1438 5361 1518 5418 linem
1538 5360 1695 5434 imponatis.
1716 5357 1809 5431 Neque

165 5446 199 5501 ¹¹¹¹
213 5444 276 5503 ‘³⁰²¹
289 5448 443 5521 Μηῑωΰθ
456 5451 502 5519 ⁸1¹·
518 5461 679 5525 sanataque
701 5452 800 5522 laudis,
825 5453 956 5525 improbis
1010 5460 1083 5515 euim
1098 5472 1178 5530 parra
1192 5456 1255 5514 irino
1266 5454 1342 5513 robis
1356 5468 1460 5512 meroes
1470 5454 1614 5512 constituta
1633 5453 1694 5519 erit,
1718 5452 1741 5509 si
1759 5464 1809 5508 cos

165 5538 273 5597 ''filim‘'
285 5540 493 5612 Quidam,
504 5545 813 5619 aldueillittlitfflltrwt
826 5556 955 5605 cottiis!-
996 5557 1056 5629 -qui
1067 5562 1169 5611 tanturn
1193 5559 1379 5626 tempestatem
1402 5551 1574 5619 inverterunt,
1600 5548 1808 5620 universumque

166 5645 216 5691 tutu
242 5637 313 5697 trauc
326 5649 443 5698 vestram
458 5641 617 5716 firmamque
641 5647 803 5703 senitentiam
814 5646 954 5720 depecu-
1010 5665 1079 5723 pene
1101 5660 1232 5707 terrarum
1246 5646 1338 5703 orbem
1363 5653 1403 5702 tot
1416 5644 1549 5702 scandalis
1569 5643 1757 5715 impleverunt,
1779 5649 1810 5723 gt

164 5728 255 5788 dorum
263 5734 473 5793 morannum
484 5737 686 5811 acpreludium
696 5739 771 5804 lore.
788 5739 954 5813 mequomo,
1011 5761 1060 5817 par
1072 5751 1124 5810 est,
1138 5740 1310 5806 arerscmini,
1325 5735 1526 5812 necquidquam
1534 5753 1596 5795 cum
1606 5736 1810 5794 iiiiscommuua

165 5834 191 5884 nt
203 5830 427 5901 quemadmodum
446 5849 461 5888 a
483 5844 510 5891 te
525 5834 683 5905 postulatur,
700 5844 811 5892 sucum
824 5837 955 5895 anirnoiu
1011 5840 1144 5899 babeatis.
1161 5834 1219 5895 iloc
1241 5836 1424 5895 Ecclesiarum
1437 5835 1589 5909 prandium
1610 5843 1663 5902 est,
1684 5832 1735 5889 lano
1746 5846 1808 5889 mu·
1892 5892 1896 5898 ,

167 5922 381 5995 amalsuindae,
402 5934 483 5999 atque
498 5926 626 5999 aiiospro
642 5928 709 5985 uirili
734 5938 779 5986 tua
793 5928 953 5990 cohorteris.
1011 5950 1069 6005 rus,
1083 5932 1136 5991 boe
1154 5946 1262 5989 coronae
1281 5939 1377 5991 reson
1395 5942 1476 6005 atque
1497 5930 1616 6003 pramis.
1639 5927 1703 5987 iiacc
1728 5925 1808 5999 igitur
