4142 6342
143 428 178 486 dh
622 429 667 484 ab
687 429 847 488 aorututt
868 429 1126 491 anathemamus.
1147 433 1263 492 bonit.
1283 434 1317 496 ll.
1753 431 1788 492 hh

145 543 205 602 hac
219 556 288 601 uero
299 540 448 599 anhelitum
463 556 573 616 angens,
586 553 613 600 et
627 543 740 613 elidens,
751 555 778 602 et
791 545 890 603 multos
902 548 943 602 in·
999 549 1070 620 piam
1082 547 1111 604 in
1126 557 1152 604 te
1164 546 1244 604 lauda
1254 545 1454 620 atquenelanda
1464 545 1582 603 conuicia
1591 544 1679 603 dixiti
1692 545 1716 602 si
1725 561 1791 602 corr·

145 631 238 692 lmenx
250 632 375 702 dolorem
397 634 447 692 sed
470 643 543 693 tauta
563 644 606 692 est
624 635 744 695 lahomm
759 637 899 706 medicina,
914 645 944 694 ut
998 641 1122 697 tumelias
1135 639 1273 707 deriseris,
1287 641 1310 695 si
1322 641 1402 696 verba
1416 655 1469 694 non
1482 638 1627 711 acceperis,
1641 636 1791 694 etrulners

146 727 251 785 suanm
263 725 323 783 hac
333 725 416 784 ambo
428 727 527 799 adsint,
538 743 632 786 seruus
639 730 758 788 dormire
770 731 864 803 possit.
875 730 944 801 Quia
998 733 1123 804 superior
1131 733 1179 796 ais.
1187 732 1376 789 contumeliam
1391 746 1443 787 riou
1456 747 1486 788 es
1499 746 1603 803 passus.
1618 731 1651 786 Et
1663 730 1792 802 quomad-

146 819 220 876 enim
231 819 303 876 servi
325 826 381 876 tota
398 819 443 877 die
460 819 559 892 ubique
573 821 814 888 circumcursitant,
829 821 946 879 dominis
998 825 1452 898 modumsicorpusadamantiuum
1466 825 1635 894 haberemus,
1650 826 1701 882 etsi
1714 825 1793 880 innu-

146 913 203 968 suis
214 913 410 980 mmisusates.
423 915 588 986 vapulantes.
601 915 765 984 laborantes,
778 917 944 976 etuemini·
998 918 1081 976 meris
1104 918 1223 990 undiquc
1244 917 1306 974 telis
1323 925 1488 988 poteremur,
1508 933 1562 973 nun
1580 927 1668 973 nmen
1682 915 1793 973 uulnera

146 1019 220 1062 mum
231 1003 341 1077 quidem
352 1007 526 1079 respirantes,
535 1007 711 1068 sufficientem
717 1011 902 1068 lassitudinum
916 1021 946 1070 et
998 1011 1180 1083 reciperemus
1191 1028 1198 1064 ε
1209 1025 1264 1066 uon
1278 1009 1351 1066 enim
1364 1025 1380 1064 a
1392 1025 1473 1065 mauu
1484 1010 1536 1066 tela
1549 1017 1700 1082 torquente,
1714 1006 1762 1066 sed
1778 1023 1795 1065 a

147 1096 269 1155 laborum
283 1097 391 1155 illorum
404 1101 605 1158 retributionem
619 1103 737 1174 capiunt,
749 1103 775 1159 in
786 1103 945 1163 dormiendo
998 1103 1157 1175 corporibus
1169 1103 1331 1173 patientibus
1343 1103 1454 1160 vulnera
1466 1103 1606 1159 liuntzsic
1622 1112 1650 1160 et
1668 1102 1723 1167 bic,
1739 1116 1794 1160 non
1906 1119 1916 1140 ⁴

147 1191 322 1263 uoluptatem.
334 1192 370 1249 Et
381 1191 434 1251 hoc
447 1193 494 1251 llei
507 1195 669 1268 benignitate
682 1197 780 1254 lactum
790 1207 841 1266 est,
851 1206 879 1254 ut
890 1213 945 1255 non
998 1212 1014 1251 a
1028 1197 1202 1268 petulantium
1220 1195 1341 1261 insania,
1356 1195 1431 1252 seda
1446 1196 1602 1266 patientium
1612 1195 1795 1257 imbecillitate

148 1293 251 1342 sumet
261 1294 385 1358 argento,
396 1287 444 1344 sed
457 1287 559 1355 labore,
565 1297 596 1346 et
607 1304 737 1359 aerumm,
748 1299 775 1348 ct
787 1291 946 1350 necessitate
999 1289 1106 1360 iniuriae
1117 1299 1146 1346 et
1156 1288 1326 1344 mutumeliac
1337 1289 1547 1344 constituuntur.
1557 1287 1587 1345 Si
1595 1291 1667 1344 enim
1678 1287 1796 1360 philoso-

149 1383 176 1430 et
189 1379 264 1434 omrai
274 1377 417 1450 disciplina
431 1380 581 1452 uoluptates
593 1382 647 1439 emi
659 1381 774 1440 valeant.
794 1383 830 1439 Αι
842 1399 895 1440 non
910 1383 946 1440 ita
999 1384 1078 1456 phari
1091 1387 1225 1454 sciamus,
1239 1399 1291 1443 nec
1303 1385 1466 1443 contumelia
1482 1385 1552 1441 allici
1568 1399 1729 1456 possumus,
1745 1398 1796 1440 noc

149 1470 245 1528 diriter
256 1489 264 1526 ι
277 1473 327 1529 sed
341 1473 433 1529 stratis
443 1473 567 1530 mollibus
573 1473 703 1546 jacentes,
713 1474 848 1534 multoties
863 1483 946 1532 totam
1001 1477 1147 1551 quidquam
1161 1493 1242 1551 grate
1257 1479 1321 1550 pati.
1343 1478 1447 1550 Aliquis
1468 1479 1593 1549 iniuriam
1615 1461 1720 1546 intulit,
1741 1491 1797 1533 non

150 1571 256 1618 uocum
271 1564 371 1620 ducunt
385 1564 555 1633 insomnem,
569 1567 691 1622 etmulta
704 1566 887 1624 machinantes
900 1567 948 1625 tali
1001 1569 1111 1627 sensisti
1123 1584 1174 1628 nec
1185 1569 1311 1626 doluistil
1332 1585 1387 1626 uon
1399 1585 1429 1627 es
1445 1569 1568 1641 injuriam
1585 1583 1694 1640 passus,
1709 1567 1798 1625 sedet
1922 1621 1927 1629 .

151 1671 205 1712 uon
218 1655 343 1714 lrunntur
354 1657 501 1731 voluptate.
517 1661 622 1734 Pauper
638 1671 728 1720 autem
743 1679 776 1721 ex
790 1663 894 1721 diurnis
906 1665 948 1722 la·
1002 1664 1089 1736 magis
1102 1665 1270 1735 percussisti,
1284 1679 1365 1737 qmm
1382 1679 1526 1733 percussus
1534 1677 1575 1719 cs.
1588 1661 1656 1718 Cum
1668 1662 1740 1718 enim
1750 1660 1798 1733 qui

151 1749 263 1808 boribus
276 1763 399 1823 surgens,
413 1751 558 1826 delatigata
579 1755 682 1814 hahens
701 1755 840 1824 membra,
861 1758 949 1830 prius-
1002 1757 1192 1816 contumeliam
1204 1757 1304 1824 irrtnlit,
1318 1756 1421 1828 plagam
1438 1771 1514 1812 suam
1526 1754 1561 1811 ad
1575 1757 1730 1826 patientium
1740 1753 1799 1812 auis

154 1859 236 1916 quarn
250 1846 409 1918 recubuerit,
425 1848 557 1922 integrum
574 1858 603 1908 et
622 1866 731 1909 suarem
751 1861 778 1908 et
800 1851 948 1924 legitimum
1002 1866 1141 1910 mamuon
1153 1852 1353 1924 pervenientem
1363 1849 1470 1915 uiderit,
1482 1849 1540 1919 ipse
1552 1847 1681 1920 majorem
1694 1847 1721 1903 in
1737 1861 1797 1902 mo·
1903 1889 1911 1904 .

153 1951 278 1995 somnum
296 1941 424 2012 suscipit,
438 1956 492 1999 non
507 1943 628 2016 exiguam
643 1952 671 2001 et
683 1943 752 2001 hanc
761 1943 895 2015 iustorum
907 1945 948 2000 la·
1001 1944 1067 2002 dum
1080 1944 1203 2002 roditur:
1217 1953 1247 2002 et
1259 1943 1463 2008 tacentibusiis,
1477 1941 1522 2012 qui
1541 1940 1730 1998 coutumeliam
1749 1955 1799 2012 pa·

152 2031 247 2088 horum
266 2033 376 2106 capiens
397 2035 561 2094 mercedem.
586 2036 653 2094 Cum
673 2035 753 2110 igitur
769 2052 830 2094 eum
853 2035 949 2110 iuniori
1002 2034 1636 2110 nautor.sponsecomumeliarumptagacomra
1647 2033 1798 2090 mittentem

153 2125 288 2196 voluptate
303 2141 404 2198 pauper
413 2135 441 2186 et
452 2129 568 2186 dormiat
581 2140 610 2186 et
619 2128 694 2186 bibat
706 2138 735 2186 et
748 2130 882 2197 comedat,
896 2143 949 2203 qua
1002 2145 1134 2190 conversa
1145 2130 1269 2188 inlertur.

153 2219 237 2292 gratia
247 2230 330 2278 erunt
343 2221 459 2294 amplius
471 2222 573 2281 diuitiae
584 2223 682 2296 dignae,
698 2239 777 2296 quam
791 2223 951 2282 uidebantur
1038 2222 1068 2282 a.
1087 2223 1117 2280 ln
1137 2223 1263 2281 omnibus
1278 2222 1359 2296 igitur
1376 2221 1608 2294 philosophamur,
1620 2213 1806 2282 dilectissimi,¹

153 2326 233 2383 snpra
245 2321 429 2384 paupertatem
442 2315 643 2388 prerogativam
666 2315 783 2384 hahere,
802 2315 851 2372 hac
868 2316 950 2372 etiam
1002 2314 1109 2375 etnihil
1126 2331 1177 2376 nus
1194 2314 1283 2386 inopia
1302 2313 1401 2372 ludere
1418 2314 1518 2386 poterit
1531 2329 1540 2370 ι
1553 2312 1617 2384 quiri
1637 2319 1665 2368 et
1683 2309 1801 2366 unanime
1846 2309 1851 2316 “

153 2403 282 2474 privaret
296 2403 441 2476 Propterea
456 2415 485 2462 et
498 2405 533 2462 ab
544 2406 620 2462 initio
631 2405 700 2462 herus
715 2405 816 2463 homini
830 2406 950 2465 lahorem
1003 2406 1141 2478 adiuvabit
1152 2415 1180 2464 et
1189 2407 1320 2464 clariores
1329 2406 1433 2474 reddet,
1447 2403 1610 2462 etomnihus
1619 2402 1746 2460 diuitibus
1757 2415 1802 2457 co·

153 2495 282 2567 alligauit,
295 2513 352 2554 non
362 2498 475 2569 puniens
487 2513 574 2571 neque
584 2498 670 2570 ipsum
681 2499 824 2572 castigans,
832 2498 880 2556 sed
890 2513 951 2556 eor·
1004 2501 1146 2572 piosiores.
1159 2499 1229 2568 Quid
1238 2500 1322 2568 enim,
1335 2500 1379 2556 dic
1393 2500 1470 2564 mihi,
1482 2499 1558 2556 llelia
1567 2497 1732 2570 pauperius?
1745 2491 1801 2551 Sed

154 2589 244 2660 rigens
255 2604 290 2652 ae
301 2590 413 2648 doeens.
428 2589 541 2659 Quando
551 2592 730 2650 illaborinsaru
743 2592 824 2650 uitam
838 2591 952 2666 degebat
1005 2603 1148 2666 propterca
1159 2592 1360 2650 omnesdirites
1369 2591 1503 2660 uincebat,
1514 2591 1640 2662 quoniam
1651 2589 1690 2646 sie
1700 2600 1802 2659 pauper
1851 2609 1854 2618 ·

154 2680 251 2751 Adam,
267 2681 393 2754 paradiso
411 2683 511 2741 excidit
524 2703 531 2740 ε
545 2684 653 2756 quando
669 2683 828 2742 laboriosam
841 2695 869 2742 et
880 2701 951 2742 aeru·
1004 2691 1162 2766 comesset,
1176 2685 1262 2754 ipsam
1282 2690 1467 2755 paupertatem
1488 2697 1521 2738 ex
1545 2680 1643 2736 mentis
1662 2677 1802 2748 opulentia
1853 2677 1857 2685 '

155 2789 277 2832 mnosmu
292 2775 392 2834 Paulus
401 2778 497 2850 agebat
507 2779 600 2847 vitam,
612 2795 644 2836 ac
657 2779 772 2848 dicebat,
784 2778 818 2834 ln
833 2778 952 2836 luhorect
1005 2779 1096 2852 elegit.
1120 2777 1253 2846 Quoniam
1275 2777 1349 2832 enixu
1368 2789 1476 2831 omnem
1500 2774 1673 2845 pecuniarum
1695 2771 1802 2839 copiam

156 2883 272 2925 aarum
288 2881 361 2927 mete
375 2881 399 2927 et
411 2871 453 2928 die
469 2889 577 2945 operans
591 2871 629 2948 (h.
643 2872 702 2930 Cor.
717 2873 760 2930 li.
773 2871 832 2948 27),
848 2881 911 2930 tunc
923 2873 952 2930 iu
1005 2872 1088 2928 anhni
1108 2870 1150 2927 sui
1175 2867 1361 2940 magnitudine
1379 2881 1441 2923 esse
1459 2866 1561 2937 putarit
1574 2862 1740 2931 interiorem,
1750 2873 1803 2916 nec

155 2964 309 3036 paradisum
324 2975 417 3038 raptus
431 2976 483 3037 est,
503 2975 532 3024 et
550 2967 657 3024 tertium
670 2968 697 3024 in
712 2967 806 3028 calum
820 2966 951 3024 ascendit.
1005 2964 1174 3041 philosophia
1187 2979 1236 3021 sna
1247 2962 1355 3036 diguam
1371 2977 1379 3016 ι
1392 2961 1455 3018 ideo
1467 2968 1567 3016 tautam
1580 2957 1737 3031 pauperiem
1748 2969 1804 3012 tm·

156 3055 194 3114 lle
209 3057 289 3130 igitur
302 3055 423 3116 lahorem
437 3073 612 3130 respuamus,
625 3074 675 3116 nee
686 3059 869 3130 operationem
881 3057 953 3114 ritu·
1006 3060 1130 3131 plexatus
1142 3064 1194 3114 est.
1209 3055 1286 3124 Quod
1301 3058 1324 3110 st
1338 3067 1433 3125 magna
1446 3051 1589 3124 praesentia
1602 3055 1733 3121 putasset,
1747 3059 1804 3103 noa

156 3165 291 3220 peremus.
305 3150 411 3208 Etenim
422 3160 485 3208 ante
496 3151 623 3210 caelorum
634 3167 745 3224 regnum
755 3151 799 3210 lue
807 3152 953 3208 marimum
1006 3152 1092 3208 solam
1117 3149 1234 3206 meloten
1256 3145 1436 3219 pmsedtmeu
1458 3143 1506 3201 sed
1528 3144 1564 3198 ita
1583 3143 1643 3198 ritae
1657 3141 1803 3196 vanitatem
1849 3185 1854 3195 .

157 3241 279 3312 capimus
291 3243 443 3314 premium,
459 3258 491 3301 er
506 3243 562 3314 ipsa
576 3259 607 3300 re
622 3243 785 3314 uoluptatem
795 3251 951 3300 sumentes:
1006 3243 1207 3309 condemnauit,
1229 3249 1257 3296 et
1276 3249 1411 3310 tamquam
1430 3237 1515 3293 lutum
1537 3235 1687 3305 proiectum
1706 3245 1804 3289 aurum

156 3348 211 3390 non
230 3343 322 3392 autem
343 3335 507 3408 voluptatem
528 3344 641 3403 tantum,
663 3334 710 3392 seul
731 3343 769 3404 et,
784 3333 855 3408 quod
869 3334 954 3392 multo
1007 3351 1088 3394 omne
1098 3335 1230 3407 despexit,
1242 3341 1270 3389 ιιι
1281 3341 1379 3403 practer
1387 3331 1513 3387 amictum
1526 3329 1601 3384 illum
1614 3324 1680 3382 nihil
1689 3323 1805 3395 amplius

157 3426 295 3498 voluptate
314 3429 402 3500 majus
416 3437 473 3497 est,
487 3428 656 3500 purissimam
677 3427 829 3486 sanitatem.
852 3426 954 3486 bivites
1008 3430 1168 3505 possideret.
1191 3429 1351 3484 idcircorex
1367 3438 1484 3497 paupere
1496 3421 1651 3494 indigebat,
1672 3427 1699 3475 et
1713 3415 1805 3474 uerbis

82 3521 88 3536 ⁴
159 3521 229 3576 enim
249 3529 351 3594 preter
372 3521 560 3580 insuavitatem
582 3523 674 3580 multas
694 3521 865 3596 egritudines
883 3523 956 3580 inra-
1007 3523 1074 3581 nihil
1087 3523 1150 3594 plus
1163 3537 1243 3594 quam
1257 3519 1377 3577 meloten
1390 3517 1515 3573 habentis
1534 3512 1669 3579 inhiabat,
1682 3510 1729 3582 qui
1741 3519 1805 3566 tan·

159 3618 239 3688 dunt;
263 3635 396 3692 pauperes
414 3630 530 3679 autema
544 3620 708 3678 medicorum
721 3621 844 3677 manibus
855 3619 955 3676 immu·
1008 3626 1066 3672 tum
1091 3613 1206 3672 hahebat
1229 3613 1287 3668 auri
1301 3627 1309 3667 a
1322 3609 1392 3666 adeo
1412 3605 1578 3679 splendidior
1601 3616 1718 3676 purpura
1745 3607 1806 3657 erat

161 3726 208 3768 nes
226 3723 300 3769 sunt.
320 3711 348 3770 Si
361 3729 426 3770 vero
446 3727 646 3785 nonnumquam
668 3721 695 3770 et
717 3711 744 3768 iu
769 3709 955 3784 egritudinem
1007 3709 1124 3775 melote,
1145 3714 1173 3761 ct
1190 3703 1325 3777 regalibus
1339 3701 1407 3758 aulis
1417 3698 1482 3772 lusti
1496 3697 1634 3771 spelunca.
1658 3695 1806 3767 Propterea

161 3805 288 3872 incidant,
297 3807 372 3864 brevi
382 3806 654 3883 seipsosimtmranx,
663 3805 775 3864 mollitie
782 3805 855 3863 omni
865 3804 954 3874 liberi,
1008 3816 1035 3863 et
1051 3806 1078 3862 in
1090 3803 1185 3858 calum
1194 3797 1354 3867 ascendens,
1366 3796 1432 3852 nihil
1444 3794 1516 3851 alirul
1528 3807 1610 3866 quam
1632 3789 1748 3846 meloten
1763 3785 1807 3844 di·

162 3908 188 3956 ⁰²
200 3914 314 3972 ⁰⁰¹le
327 3900 435 3960 robusta
450 3899 590 3958 hahentes.
1008 3896 1113 3969 soipnlo
1125 3895 1233 3966 reliquit
1247 3893 1284 3967 (l.
1297 3889 1406 3962 lieni).
1417 3889 1484 3944 Cum
1496 3887 1557 3954 bac,
1572 3884 1667 3955 inquit,
1678 3897 1738 3939 cum
1749 3881 1809 3975 dlaj

1010 3989 1074 4045 bolo
1086 3988 1212 4060 pugnaui,
1226 3994 1254 4042 et
1266 3992 1294 4041 tn
1307 3993 1401 4040 contra
1414 3983 1488 4036 illum
1503 3980 1573 4035 hanc
1584 3984 1748 4032 armaturam
1761 3987 1808 4030 ee-

1095 4079 1217 4135 llalidum
1232 4078 1304 4134 enim
1317 4075 1398 4131 telum
1412 4074 1519 4145 iuopia.
1534 4067 1740 4141 inexpugnabile
1756 4067 1809 4123 ha·

1501 4163 1649 4236 Tamquam
1663 4163 1808 4218 maximam

198 4014 342 4088 Paupertas
360 4016 488 4086 supienter
505 4015 641 4090 ferentibus
661 4029 755 4086 oroqrro
778 4011 958 4084 ponariu-
1030 4083 1036 4096 '

164 4107 254 4180 Hagno
265 4109 551 4182 possessiopaupertas
559 4108 695 4180 sapienter
704 4107 788 4178 ipsam
799 4105 955 4172 ferentibus,
1010 4097 1079 4154 Plel-

164 4199 302 4258 thesaums
324 4201 369 4273 qui
387 4209 503 4273 nequeat
524 4198 632 4269 auierri,
647 4199 756 4256 baculus
777 4197 957 4265 firmissimus,
1011 4173 1169 4237 bi¹³⁰¹¹¹¹¹¹¹h
1183 4181 1210 4226 0¹
1225 4169 1306 4224 ¹¹¹¹?ss
1318 4168 1488 4222 inc⁰¹¹⁰¹¹⁸⁵²·

165 4293 250 4350 gamag
261 4309 359 4366 ,κως
370 4291 850 4368 pompmgjvmgumbinsidiis
861 4299 958 4348 ustum·
1013 4264 1188 4322 hereditatem
1209 4261 1321 4318 Elisarns
1339 4259 1456 4315 meloten
1474 4257 1591 4327 suscepit
1607 4273 1614 4309 :
1631 4253 1730 4312 etenim
1744 4267 1810 4311 rere

165 4389 198 4443 gg
215 4389 387 4460 ,ququr’
403 4389 499 4460 inquit,
514 4403 630 4460 paupe„
653 4387 702 4444 sep
722 4386 839 4456 majooes
849 4383 960 4442 insidi„
1012 4356 1129 4415 maxima
1140 4355 1189 4412 luit
1201 4353 1346 4416 hereditas,
1358 4350 1431 4406 omni
1443 4365 1509 4406 auro
1520 4350 1530 4381 ¹
1541 4347 1694 4436 pretiosior.
1705 4345 1740 4402 Et
1750 4353 1811 4402 erat

166 4479 236 4538 diros
248 4482 358 4554 papirus,
371 4480 559 4538 conqefflnguf
568 4497 669 4554 paupe,
682 4487 709 4537 ,q
721 4477 890 4536 commem,
902 4476 962 4534 affl,
1013 4451 1125 4523 posthac
1145 4449 1243 4519 duplex
1262 4446 1351 4502 llelias
1372 4443 1429 4510 ille,
1443 4443 1479 4497 ita
1494 4450 1524 4497 ut
1539 4454 1646 4497 sursum
1669 4438 1769 4504 helias,
1781 4443 1811 4494 et

166 4571 246 4641 eitun
270 4573 318 4630 sun
330 4572 405 4630 divin
422 4573 564 4631 pnqueqqg
578 4573 638 4630 gon
653 4581 706 4628 tam
720 4569 904 4642 expugnamus
918 4577 962 4626 est
1013 4545 1140 4601 deorsum
1155 4543 1244 4597 helias
1256 4548 1338 4596 esset.
1359 4536 1426 4594 Nori
1439 4536 1598 4606 resinatum
1611 4533 1685 4590 illum
1700 4533 1811 4588 beatm

166 4680 265 4737 pauper
285 4682 366 4740 quam
387 4667 473 4736 diues,
488 4667 606 4724 infinitas
625 4665 742 4737 undique
759 4671 787 4720 et
807 4662 913 4720 diabolo
933 4671 962 4720 et
1014 4647 1117 4710 P⁰¹³i⁰2
1129 4635 1484 4706 ⁵¹¹¹B¹¹¹⁰Sll¹¹⁰⁰¹¹ll⁰l00¹¹m
1496 4629 1584 4700 imum
1597 4641 1668 4683 ense.
1679 4624 1748 4695 Quid
1758 4623 1811 4697 igi·

167 4759 366 4818 qnspgpmrigus
386 4761 541 4818 wion„
562 4760 702 4832 pragam,
727 4757 846 4814 omnium
868 4769 962 4814 servus
1015 4741 1069 4797 trrr,
1085 4730 1108 4785 si
1122 4727 1199 4784 robis
1208 4726 1428 4782 demonstravero
1438 4720 1509 4793 quod
1521 4721 1592 4777 aliud
1603 4719 1649 4776 illo
1658 4719 1744 4775 multo
1755 4731 1812 4774 ma·

168 4864 276 4927 propp„
293 4855 405 4912 „lupam
425 4869 517 4910 ,emm
539 4851 728 4910 ,gunggngam
742 4869 749 4906 :
764 4850 792 4906 pn
816 4849 961 4906 mmmmm
1014 4823 1060 4896 jus
1071 4837 1167 4879 onustes
1180 4821 1264 4876 sacris
1274 4817 1410 4888 mysteriis
1424 4815 1516 4871 imbuti
1529 4813 1732 4886 receperimus?
1800 4829 1804 4836 ·

167 4937 312 5020 indigentia
326 4948 506 5015 constitutus,
523 4955 552 5004 et
571 4943 662 5002 multis
682 4941 785 5000 aduhri
806 4943 919 5012 cogitur,
935 4949 963 4998 et
1052 4913 1136 4970 ’Μ’
1147 4913 1253 4984 '‘min“
1264 4911 1297 4965 ‘¹⁶
1308 4909 1339 4966 S·
1357 4907 1527 4963 Eumae
1539 4909 1652 4963 mm·
1666 4935 1702 4946 “
1719 4901 1812 5008 HQ

167 5053 226 5096 eum
248 5039 333 5097 mugga
356 5039 535 5096 pubemque
557 5037 676 5104 ,emm
704 5051 806 5108 paupe,
827 5044 916 5091 ,mem
939 5033 964 5092 sp
1016 5026 1115 5082 nempe
1127 5008 1243 5066 meloten
1257 5004 1388 5076 discipulo
1401 5004 1526 5074 reliquit;
1550 5001 1634 5058 Filius
1651 5009 1740 5056 autern
1763 4996 1813 5051 ber

168 5131 349 5204 ppqggwppffl
364 5133 441 5200 κω,
456 5147 543 5206 „eque
560 5130 595 5188 ,g
613 5131 672 5202 5950
692 5129 800 5185 diabolo
818 5126 964 5200 expugnari
1018 5101 1182 5168 ascendens,
1198 5115 1274 5156 suana
1288 5098 1365 5154 nobis
1379 5111 1488 5152 carnem
1506 5095 1629 5164 reliquit;
1653 5089 1700 5147 scd
1722 5085 1813 5143 llelixs

170 5237 267 5298 popm,
287 5226 342 5284 101,
355 5227 436 5298 igin„
449 5233 477 5284 θ,
485 5235 547 5283 ,me
561 5225 613 5284 ,Μ
626 5239 686 5280 ,um
700 5222 775 5279 gorg,
789 5231 870 5289 osset,
888 5227 963 5293 pos„
1018 5193 1125 5267 quidem
1140 5203 1238 5250 exutus
1250 5231 1257 5260 ,
1271 5190 1395 5247 Christus
1407 5197 1496 5246 alutem
1516 5196 1544 5243 et
1562 5185 1640 5243 nohis
1652 5179 1770 5284 reliquit,
1785 5185 1814 5234 et

169 5336 246 5391 quam
259 5321 351 5377 omni,
365 5320 464 5389 amisit,
481 5328 544 5377 mn,
563 5317 650 5376 smus
666 5326 707 5376 05,
727 5315 830 5382 pomo„
843 5320 872 5371 ,ι
887 5327 965 5385 em,
1018 5288 1104 5358 ipsam
1118 5286 1219 5342 hahens
1231 5281 1359 5340 ascendit.
1375 5281 1413 5337 Nc
1426 5283 1506 5353 igitur
1518 5280 1608 5332 auimo
1621 5271 1813 5336 concidamus,

170 5415 238 5486 giam
253 5426 348 5472 contra
357 5413 493 5470 diabolum
508 5411 646 5470 uictoriam
661 5409 815 5480 reportavit.
830 5407 965 5464 Praeterea

169 5525 231 5566 roro
246 5526 297 5567 nee
313 5510 437 5581 injuriam
451 5509 504 5580 pati
515 5523 616 5581 pauper
629 5513 732 5578 potest,
748 5503 770 5560 si
784 5497 966 5572 philosoplmri

170 5603 268 5660 scierit.
284 5603 362 5674 Quod
375 5605 447 5660 enim
462 5603 515 5660 dixi
526 5603 561 5660 de
575 5602 719 5671 rolrrptate,
731 5597 802 5670 quod
819 5611 850 5653 ea
868 5611 921 5651 non
937 5594 965 5651 iu

171 5697 290 5754 ciborum
315 5708 460 5770 apparatu,
478 5696 525 5754 sed
549 5697 575 5751 in
594 5691 792 5751 comedentium
813 5689 848 5744 sit
868 5685 966 5744 abacta

172 5793 257 5862 posita
273 5813 280 5848 ε
297 5791 349 5848 hoc
361 5801 388 5849 et
402 5793 435 5849 ‹le
447 5790 608 5849 contumelia
623 5789 700 5854 dico,
716 5783 788 5856 quod
804 5779 967 5840 contumelia

1019 5379 1324 5451 nequclamentemur,
1345 5390 1432 5446 neque
1456 5383 1606 5440 ternporurn
1630 5361 1814 5420 difficultatem

1020 5473 1172 5530 timeamus.
1183 5470 1234 5539 Qui
1245 5468 1316 5524 enim
1326 5466 1481 5537 sanguinem
1492 5473 1569 5516 suurn
1583 5470 1631 5530 pro
1640 5445 1766 5512 omnibus
1775 5452 1815 5510 el·

1021 5565 1133 5622 inridere
1156 5580 1209 5620 ιιοιι
1231 5560 1375 5626 recusauit,
1389 5565 1418 5613 ct
1439 5567 1550 5609 earnem
1570 5566 1656 5616 suam,
1672 5557 1700 5606 et
1722 5561 1815 5604 rursus

1021 5659 1108 5732 ipsum
1119 5657 1275 5729 sanguinem
1287 5653 1364 5708 nohis
1373 5647 1588 5712 communicavit,
1598 5643 1660 5716 rpuid
1672 5659 1720 5714 pro
1729 5641 1815 5696 salute

1022 5767 1113 5812 trustra
1125 5753 1214 5808 lacere
1227 5744 1378 5805 recusabit?
1392 5741 1446 5799 llnc
1456 5741 1535 5813 igitur
1545 5755 1594 5812 spe
1606 5738 1717 5794 hderrtes
1727 5733 1815 5803 ipsum

703 5875 968 5953 paqqcngjumgffecgu
1021 5851 1148 5907 courtinue
1171 5857 1305 5915 rogemus,
1326 5848 1355 5896 el
1380 5839 1504 5911 precibus
1524 5827 1816 5910 supplicationibusque

174 5899 226 5942 non
238 5885 274 5940 ah
285 5885 456 5942 iulurentium
467 5883 610 5950 seruientia,
621 5882 667 5938 sed
679 5897 692 5936 a

176 5983 353 6039 connituntur
367 5979 409 6036 rel
421 5976 583 6036 destruatur.
594 5975 673 6033 Verbi
687 5971 784 6046 gratia,
795 5967 879 6026 multa
891 5965 966 6040 quis·
1055 5969 1065 6000 ¹
1083 5966 1127 6016 ιιιι
1139 5976 1145 6018 :
1156 5967 1184 6015 at
1195 5955 1396 6029 upidemnioro.
