4142 6342
230 329 256 389 γ
729 343 739 356 .
945 304 1157 369 11111111
1859 335 1876 389 ,

238 454 475 521 riderabantur.
494 441 645 520 Spectant
661 441 769 499 autem
792 433 902 496 omnia
923 433 962 497 ad
984 434 1153 498 historiam
1177 437 1218 498 ab
1238 453 1327 500 anno
1350 437 1466 504 399111
1489 461 1611 509 annum
1632 446 1702 510 906.
1717 451 1803 516 ordo
1826 453 1882 518 ille

240 531 478 615 opusculorum
500 519 645 582 ordinem
666 532 777 578 rerum
799 513 946 592 apprime
964 519 1131 594 sequitur;
1148 517 1323 596 omniaque
1342 520 1399 583 illa
1423 521 1588 602 Opnscula
1605 527 1646 590 ad
1670 547 1831 598 aerumnas
1853 544 1883 596 ct

231 621 416 686 utrumque
425 597 645 682 chrysostomi
658 594 810 657 exsilium
820 593 1057 671 quodammodo
1072 593 1277 656 referuntur:
1293 615 1367 659 nam
1383 619 1422 662 ex
1437 602 1583 683 Eutropii
1598 611 1739 672 eunuchi
1756 615 1832 695 iuga
1850 617 1881 676 in

234 690 410 755 ecclesiam
424 675 643 760 Chrysostomi
657 674 765 735 hostes
779 671 954 765 accusandi
970 672 1058 734 illius
1074 689 1187 734 ansam
1199 675 1378 768 arripuere.
1395 679 1502 743 Sedot
1516 683 1755 762 Opuscnlorum
1772 693 1882 772 hujus·

239 768 327 832 modi
342 763 487 827 ordinem
501 755 655 820 candidos
672 754 774 816 lector
788 751 914 814 iacrlms
929 752 1094 830 percipere
1111 752 1228 830 valeat,
1246 755 1412 819 historiam
1428 777 1537 824 rerum
1552 764 1884 850 constantinopolita·

242 864 371 917 narum,
385 841 423 903 de
438 838 558 919 quibus
571 835 689 914 agitur,
703 831 816 912 paucis
830 831 981 908 persequi
993 848 1099 908 operte
1117 833 1254 908 pretium
1270 833 1377 897 luerit.
1853 883 1862 904 .

282 918 457 999 Eutropius
468 914 646 977 Eunuchus
659 914 744 975 inter
778 911 915 972 rhnores
929 909 1013 972 aulae
1027 909 1392 990 Constantinopolitano
1401 920 1487 998 apud
1502 921 1676 988 Arcadium
1690 930 1885 994 auctoritato

242 1003 419 1086 plurimum
444 995 583 1060 valebat.
609 994 639 1054 ls
658 1010 733 1084 cum
749 930 884 1082 foannis
909 986 1128 1080 chrysostomi
1150 989 1182 1049 io
1204 989 1600 1078 Constantinopolitanum
1622 1007 1811 1088 episcopum
1832 1030 1887 1074 co-

244 1081 375 1164 optandi
386 1081 500 1141 auctor
510 1073 735 1146 inisset,iu1ho
748 1086 817 1149 eyus
832 1072 961 1127 months
974 1084 1097 1160 morem
1108 1069 1250 1148 gerebat.
1265 1071 1326 1134 Sed
1340 1093 1413 1138 cum
1429 1080 1615 1146 ambitionis
1629 1089 1661 1146 et
1672 1089 1822 1167 cogenda
1832 1109 1887 1169 pe·

245 1163 348 1225 cunia
363 1158 476 1220 morbo
489 1149 662 1218 admodum
678 1150 843 1212 laboraret
856 1146 1051 1224 Eutropius,
1067 1149 1224 1223 instabat,
1238 1154 1377 1232 urgebat
1390 1156 1654 1238 Chrysostomus,
1672 1165 1822 1246 lugitivas
1837 1171 1888 1229 di-

244 1241 340 1305 vitias
352 1239 498 1306 dicebat3
512 1249 573 1293 nec
587 1228 682 1290 modo
699 1227 851 1306 fugitivas
864 1270 872 1298 ,
886 1223 940 1286 sed
958 1225 1130 1297 exitiosas,
1143 1241 1217 1304 quse
1230 1231 1280 1291 sui
1302 1235 1450 1299 custodes
1467 1244 1504 1300 ut
1518 1240 1694 1317 plurimum
1736 1249 1888 1310 roderent

249 1327 289 1374 ac
303 1312 485 1388 perderent.
507 1310 583 1368 lhec
595 1307 649 1367 1111
664 1322 715 1366 vrr
726 1309 879 1366 adulandi
894 1313 1024 1366 nescius
1040 1311 1225 1383 trequenter
1246 1316 1413 1368 metuabat
1437 1325 1446 1366 1
1472 1319 1528 1368 seo
1544 1325 1622 1386 qura
1643 1265 1761 1371 verrfas
1777 1313 1887 1372 odium

250 1389 354 1470 parit,
369 1388 404 1448 in
417 1386 611 1448 monitorem
622 1388 834 1460 exasperatus
848 1381 1042 1460 Eutropius,
1069 1384 1169 1446 multa
1187 1392 1300 1448 contra
1322 1385 1413 1447 illum
1430 1384 1560 1447 molitus
1575 1391 1640 1458 est;
1657 1386 1688 1448 id
1703 1405 1781 1450 vero
1817 1407 1885 1452 rae-

249 1469 343 1546 cipue
356 1467 454 1529 statui
467 1462 607 1535 curavit,
622 1467 660 1523 ut
673 1461 755 1541 asyli
770 1464 802 1522 et
815 1461 1027 1522 immunitatis
1046 1460 1100 1540 y'us
1122 1463 1265 1525 ecclesiis
1287 1464 1466 1525 tolleretur.
1493 1464 1614 1525 Verum
1630 1465 1678 1528 ita
1697 1407 1885 1544 providente

251 1548 397 1618 numine,
412 1543 590 1620 Eutropius
602 1540 900 1602 cumc0nsulatnm
915 1539 995 1601 anni
1007 1539 1229 1618 undequadrin
1254 1543 1400 1604 eutesimi
1415 1542 1541 1604 hrcadii
1558 1548 1638 1604 nutu
1646 1552 1882 1625 consequutus,

236 1624 394 1685 omnium
408 1624 443 1683 in
457 1639 492 1683 se
504 1621 614 1681 odium
629 1620 833 1689 concitasset,
849 1618 1067 1679 tumultuante
1089 1561 1268 1698 Tribigihho
1295 1621 1426 1682 tribuno
1449 1620 1603 1695 militibus
1627 1623 1763 1703 stipato,
1780 1626 1882 1705 gradu

234 1703 388 1782 -dey'ectus
402 1705 463 1772 est,
477 1705 510 1762 et
522 1697 609 1776 quod
619 1697 666 1758 illi
680 1697 814 1758 unicum
825 1696 1005 1777 perfugium
1019 1704 1199 1775 supererat,
1213 1699 1246 1758 in
1263 1699 1432 1761 ecclesiam
1446 1717 1480 1762 se
1494 1701 1626 1778 recepit,
1642 1708 1740 1780 atque
1755 1720 1790 1765 as
1815 1706 1882 1767 lum

232 1780 333 1860 >quod
346 1780 400 1842 ille
412 1776 635 1857 abrogandum
645 1782 827 1848 curaverat,
835 1777 970 1854 supplex
980 1774 1069 1836 adire
1082 1780 1212 1838 coactus
1226 1779 1357 1840 est.Nec
1369 1778 1542 1856 profuisset
1554 1781 1691 1859 asylum,
1706 1781 1767 1842 nisi
1806 1785 1881 1876 bry-

238 1864 409 1921 -sostomus
424 1857 550 1918 fortiter
567 1856 744 1917 obstitisset
757 1854 978 1916 obsidentibus
997 1854 1149 1916 invadere
1175 1857 1307 1935 paratis.
1324 1859 1518 1934 insequente
1535 1875 1612 1919 vero
1624 1858 1675 1922 die
1692 1862 1829 1938 primam
1846 1881 1879 1924 rn

243 1938 438 2016 Eutropium
453 1935 617 1997 homiliam
631 1933 744 1996 babuit
758 1933 790 1994 S.
804 1934 956 2004 antistes,
973 1932 1044 2010 ipso
1058 1939 1216 2011 presente
1229 1935 1402 2016 Eutropio,
1417 1952 1505 1998 anno
1521 1937 1592 1997 399.
1609 1938 1735 2016 Elapsis
1756 1942 1881 2020 aliquot

288 2018 418 2079 stillam
434 2015 576 2077 habitam
587 2015 775 2075 concionem
784 2012 909 2085 dicbus,
920 2029 994 2073 cum
1008 2013 1183 2090 Eutropius
1197 2015 1238 2076 ah
1251 2016 1387 2078 ecclesia
1400 2014 1544 2093 dilapsus
1560 2017 1593 2076 in
1607 2034 1723 2080 manus
1737 2019 1879 2082 hostium

230 2095 420 2167 -rncidisset,
434 2095 569 2155 alteram
584 2092 698 2153 habuit
709 2092 743 2151 in
758 2090 904 2153 eumdem
920 2091 1085 2152 homiliam
1099 2091 1129 2151 S.
1146 2093 1272 2166 doctor;
1284 2095 1322 2156 de
1335 2109 1400 2173 qua
1412 2094 1552 2171 plurima
1566 2095 1599 2156 in
1615 2095 1737 2157 Monito
1751 2099 1877 2162 videsis.

232 2174 328 2236 11111
339 2190 417 2236 vero
430 2188 543 2235 ansam
556 2170 725 2232 incusandi
745 2169 966 2262 chrysostomi
989 2170 1155 2247 arripuere
1173 2171 1193 2230 ii
1212 2173 1268 2250 qui
1283 2173 1352 2265 ejus
1368 2173 1543 2251 perniciem
1560 2174 1794 2238 moliebantur:
1815 2179 1879 2240 En-

245 2253 387 2334 tropium
413 2251 568 2314 miserum
590 2252 622 2312 et
642 2251 675 2310 in
703 2249 872 2310 ecclesiam
906 2248 1079 2328 prologum
1109 2250 1150 2310 ab
1179 2251 1235 2311 illo
1256 2254 1484 2345 objurgatum,
1509 2269 1547 2314 ac
1567 2253 1706 2332 denique
1730 2255 1877 2318 hostibus

244 2332 407 2472 prodigum
432 2330 645 2402 mentientes3
665 2326 752 2405 quod
767 2331 960 2407 quantuma
982 2344 1059 2389 vero
1081 2329 1225 2390 alienum
1247 2329 1343 2393 tuerit
1357 2348 1391 2392 m
1404 2330 1478 2394 Vita
1491 2329 1709 2412 chrysostomi
1729 2335 1877 2412 pluribus

242 2415 335 2472 osten
357 2415 439 2473 etur.

268 2490 416 2563 cainas,
429 2504 495 2566 quo
517 2486 703 2550 stimulante
725 2485 919 2567 Tribigildus
945 2486 1096 2548 tribunus
1116 2487 1262 2566 Eutropii
1289 2489 1465 2566 perniciem
1490 2495 1678 2563 curaverat,
1691 2491 1752 2556 hoe
1766 2511 1876 2556 rerum

227 2575 360 2632 eventu
373 2566 571 2648 petulantior
582 2565 698 2638 iactus,
711 2565 876 2628 Saturnini
890 2570 923 2626 et
936 2567 1123 2639 Aureliani,
1139 2568 1195 2644 qui
1210 2569 1295 2629 inter
1309 2568 1438 2646 Imperii
1451 2586 1600 2647 proceres
1620 2571 1814 2643 eminebant,
1823 2589 1876 2636 ca-

232 2649 310 2727 ¹pita
327 2646 523 2726 depoposcit.
536 2646 657 2707 Verum
671 2644 802 2705 illorum
817 2660 950 2706 causam
964 2644 1090 2706 fortiter
1104 2652 1219 2724 agente
1233 2646 1481 2726 chrysostomo,
1500 2649 1579 2710 satis
1600 2648 1714 2711 hahuit
1734 2651 1874 2726 Gainas,
1961 2699 1965 2708 .

228 2727 271 2790 ‚si-
280 2727 327 2788 illi
342 2741 491 2806 proceres
504 2724 538 2785 in
563 2723 714 2786 exsilium
725 2721 992 2800 deportarentur:
1002 2739 1068 2801 qua
1082 2722 1121 2785 de
1135 2743 1171 2787 re
1185 2725 1375 2806 concionem
1386 2727 1476 2788 illam
1490 2727 1601 2789 hahuit
1613 2727 1872 2808 chrysostomus,

229 2823 313 2885 quae
327 2805 456 2866 titulum
467 2803 566 2866 habet
579 2823 589 2864 .·
603 2802 682 2864 Cum
688 2801 881 2864 Saturninus
897 2810 925 2862 et
937 2802 1124 2866 Aurelianus
1138 2803 1203 2865 octs'
1218 2812 1316 2865 essent
1334 2803 1370 2864 in
1384 2805 1545 2874 cnsilium,
1561 2813 1590 2866 et
1608 2805 1727 2868 Guioos
1738 2825 1874 2886 opressus

232 2893 347 2946 erecte
363 2882 657 2945 civitatehavero
673 2889 823 2973 egressus
844 2880 911 2959 jam
931 2899 973 2941 ex
996 2881 1125 2943 civitate
1143 2886 1227 2944 esset
1253 2883 1393 2955 Gaiuas,
1410 2901 1483 2946 cum
1507 2885 1591 2947 hanc
1608 2885 1721 2946 habuit
1746 2888 1874 2950 concio-

233 2981 315 3024 nem
330 2962 601 3044 chrysostomus,
617 2976 683 3020 nou
697 2965 743 3020 111
756 2959 961 3036 exploratum
976 2967 1044 3034 est,
1061 2965 1094 3022 et
1106 2976 1147 3022 an
1162 2962 1255 3023 titulo
1274 2961 1351 3024 tides
1366 2962 1514 3024 habenda
1528 2965 1569 3024 sit
1585 2963 1732 3041 pluribus
1745 2983 1873 3043 expen-

231 3041 326 3180 11111
348 3040 383 3100 in
398 3039 477 3179 ¹Xpta
496 3035 728 3118 chrysostomi.
758 3038 799 3099 Ut
812 3041 849 3097 ut
861 3041 971 3100 antem
982 3042 1043 3112 est,
1058 3038 1126 3102 haec
1141 3041 1276 3104 homilia
1290 3039 1424 3104 incunte
1440 3041 1568 3104 circiter
1584 3057 1671 3106 anno
1688 3041 1872 3111 9001111111

252 3136 397 3180 nissen
444 3133 495 3178 nr.

276 3137 396 3260 Eoder
406 3211 496 3259 auno
518 3192 712 3274 capitium
739 3193 978 3256 odiosissimum
997 3198 1174 3277 negotium,
1204 3198 1350 3260 videlicet
1370 3201 1534 3260 accusatio
1559 3201 1871 3282 hutonin0,Ephesi

237 3278 389 3356 episcopo
398 3275 519 3350 oblata,
534 3273 592 3353 qui
606 3274 771 3336 variorum
783 3275 954 3335 criminum
967 3275 1189 3355 imprimisque
1206 3277 1756 3356 811111111111111911111011111
1770 3297 1871 3345 eausa

237 3353 469 3435 prosectionem
485 3354 519 3414 in
534 3351 874 3414 Asiem⁴meditabatur
887 3352 1148 3433 chrysostomus.
1161 3356 1282 3416 Verum
1300 3357 1455 3417 Antonini
1471 3357 1594 3420 artibus
1612 3359 1771 3422 cohibitus
1783 3364 1832 3422 est
1850 3377 1870 3422 a

260 3434 432 3497 uibusdam
448 3431 659 3510 proceribus,
685 3435 806 3492 metum
830 3431 940 3493 Gainre
969 3433 1001 3493 in
1018 3433 1159 3496 Thracia
1182 3434 1343 3495 hostiliter
1362 3437 1487 3513 agentis
1509 3435 1776 3512 obtendentibus;
1795 3456 1869 3516 pro-

235 3453 472 3589 actionemque
485 3510 609 3572 distulit
621 3509 655 3570 in
670 3510 925 3587 annisequeutis
941 3510 1092 3584 initium,
1109 3517 1280 3590 postquam
1291 3513 1474 3576 Antoninus
1490 3533 1508 3576 e
1524 3515 1604 3578 vivis
1617 3524 1815 3578 excesserat.
1830 3519 1867 3578 lu

235 3592 315 3656 Asia
332 3608 408 3656 vero
422 3590 494 3670 plus
508 3605 608 3668 quam
620 3593 750 3650 centum
769 3589 849 3660 dies,
866 3592 902 3648 ut
920 3587 990 3666 ipse
1011 3591 1077 3662 ait,
1090 3596 1327 3664 commoratus,
1343 3591 1543 3655 simoniacos
1565 3593 1719 3666 destituit,
1732 3593 1813 3658 alios
1832 3597 1866 3657 in

233 3689 348 3736 corum
371 3670 479 3733 locum
505 3667 668 3730 ordinarit
683 3686 691 3726 :
708 3685 749 3728 ex
772 3668 891 3744 quibus
913 3672 1000 3729 recte
1021 3673 1054 3728 et
1080 3668 1258 3730 secundum
1286 3670 1538 3733 ecclesiasticum
1561 3673 1659 3733 ritum
1685 3675 1866 3736 constitutis
1983 3719 1989 3731 .

233 3751 421 3816 occasiones
442 3745 636 3810 criminandi
656 3745 866 3824 arripuerunt
886 3744 957 3823 ejus
983 3745 1180 3820 adversarii,
1202 3748 1281 3825 quia
1307 3748 1460 3810 nimirum
1491 3751 1573 3810 nihil
1596 3735 1646 3814 cst
1672 3751 1754 3829 quin
1781 3753 1866 3816 male

233 3830 397 3895 narrando
428 3828 530 3908 possit
557 3824 739 3904 depravari.
768 3823 925 3886 Postridie
949 3842 1049 3903 quam
1073 3843 1115 3887 cx
1145 3825 1223 3888 hsia
1244 3825 1381 3888 redierat
1402 3827 1468 3896 ille,
1491 3829 1680 3891 concionem
1693 3831 1807 3904 habuit
1824 3832 1865 3894 ad

231 3912 387 3991 populum
402 3903 821 3984 Constantinopolitanum,
838 3906 911 3983 post
926 3905 1050 3967 Pascha
1060 3903 1138 3967 anni
1151 3903 1223 3979 901,
1238 3904 1332 3984 cujus
1348 3907 1645 3987 interpretationem
1660 3913 1785 3972 tantum
1795 3910 1866 3974 La-

230 3992 331 4053 tinam
345 3991 513 4053 habemns.

269 4069 654 4147 Severianus,episcopns
666 4061 863 4125 cabalorum
882 4060 916 4122 in
928 4061 1032 4142 Syria,
1041 4064 1138 4124 homo
1149 4063 1249 4134 valer,
1266 4081 1325 4126 nec
1334 4063 1484 4143 elinguis,
1498 4064 1776 4145 Constantinopoli
1787 4071 1864 4131 tunc

229 4149 516 4289 1111191111
536 4140 1864 4302 attestedlitaturi{hachetthiestis.lc‘tlttdth

115 4333 120 4339 ’
228 4245 375 4368 aseneth
389 4305 566 4383 satagebat.
584 4269 758 4381 Phstquam
772 4263 912 4361 redierat
925 4297 1184 4377 chrysostomus,
1197 4317 1270 4360 cum
1286 4263 1384 4362 ’verba
1398 4301 1664 4381 impietateplena
1674 4245 1863 4382 photulisset

228 4383 433 4456 Seuerianus,
458 4383 675 4443 tumultuante
688 4384 721 4444 et
742 4380 775 4441 in
792 4377 876 4439 iram
903 4378 1063 4439 concitato
1090 4377 1210 4455 populo
1225 4378 1338 4454 pulsus
1353 4383 1413 4440 est.
1430 4379 1552 4441 Deinde
1566 4389 1700 4444 curante
1714 4382 1862 4446 Eudosia

229 4465 373 4542 hugueta
389 4466 421 4524 et
434 4462 505 4540 ipso
516 4461 666 4534 Arcadio,
684 4456 905 4522 consentiente
919 4471 1051 4533 quoque
1070 4473 1154 4533 egre
1169 4455 1242 4518 licet
1258 4455 1497 4535 chrysostomo,
1524 4458 1557 4518 in
1575 4462 1688 4522 urbem
1702 4460 1860 4523 admissus

227 4546 288 4604 est.
308 4541 346 4603 ln
359 4541 498 4604 adventu
511 4540 645 4620 ejus,'ut
658 4541 868 4616 exasperatos
891 4534 924 4596 in
939 4533 1150 4596 Severianum
1163 4535 1273 4611 populi
1287 4537 1412 4598 ammos
1425 4537 1585 4616 mitigaret
1598 4537 1858 4617 chrysostomus,

227 4620 415 4684 concionem
432 4619 471 4681 ad
493 4619 650 4698 populum
679 4617 899 4681 brevissimam
916 4613 1051 4682 hahuit,
1077 4629 1150 4690 que
1176 4613 1288 4674 Latine
1309 4616 1432 4674 tantum
1449 4620 1566 4691 exstat,
1583 4621 1615 4678 et
1628 4617 1720 4696 cujus
1749 4617 1859 4682 Graeca

227 4701 431 4761 interierunt.
446 4697 599 4776 Sequenti
612 4697 709 4758 etiam
728 4695 778 4758 die
803 4694 997 4759 Severianus
1019 4693 1160 4755 breviter
1176 4692 1331 4832 populum
1354 4692 1554 4769 alloquutus,
1581 4695 1859 4773 magnificentiora

225 4795 324 4857 quam
338 4777 515 4840 sinceriora
524 4776 563 4837 de
577 4775 785 4837 reconciliata
799 4791 879 4854 pace
893 4775 990 4838 rerba
1000 4772 1136 4854 protulit
1150 4790 1158 4832 :
1198 4788 1244 4832 ec
1259 4787 1389 4849 quoque
1410 4773 1515 4834 oratio
1528 4773 1640 4836 Latine
1656 4777 1779 4836 tantum
1792 4775 1858 4838 ha·
1979 4793 1987 4800 ·

225 4859 342 4921 betur:
358 4862 497 4935 utraque
511 4871 599 4916 anno
614 4852 670 4915 901
690 4855 801 4917 habita
819 4854 890 4918 tuit.
1898 4901 1902 4908 .

263 4937 339 4999 Haec
352 4954 412 4998 ceu
426 4933 580 5014 praeludia
596 4931 685 4995 inere
700 4951 907 5010 eorumquae
919 4937 996 4996 aute
1012 4933 1164 4996 exsilium
1179 4930 1397 5012 chrysostomi
1412 4936 1601 4995 evenerunt.
1612 4933 1693 4995 Nam
1707 4934 1857 5012 cumipse

223 5015 477 5078 ecclesiasticam
490 5012 704 5090 disciplinam,
717 5012 995 5089 constantinopoli
1010 5012 1133 5074 mirum
1148 5012 1182 5072 in
1196 5011 1327 5072 modum
1340 5009 1426 5088 apud
1443 5011 1623 5074 sacerdotes
1636 5011 1857 5090 diaconosque

222 5093 364 5156 maxime
375 5093 563 5171 collapsam,
579 5091 749 5155 restituere
758 5094 907 5165 tentaret,
923 5092 956 5152 in
967 5090 1098 5152 illorum
1108 5089 1380 5163 iucurritodinm;
1396 5088 1688 5169 Eudoxiequoque
1701 5091 1856 5170 Augustae

224 5172 380 5241 animum,
398 5189 438 5234 eo
475 5170 550 5242 ood,
564 5174 601 5231 ut
613 5171 716 5249 ipsius
734 5169 874 5231 officium
889 5169 1086 5248 postulabat,
1099 5169 1283 5246 principum
1295 5169 1393 5230 etiam
1409 5167 1487 5232 vitiu
1506 5169 1692 5242 incesseret,
1711 5186 1856 5246 exaspe-

224 5250 310 5314 ravit
325 5269 334 5312 1
349 5250 460 5329 Theop
485 5250 565 5310 ilum
579 5247 845 5321 Alexandrinum,
860 5247 948 5325 quod
962 5247 1091 5308 Fratres
1106 5247 1278 5327 longos,ut
1290 5248 1460 5321 vocabant,
1474 5247 1648 5309 humanius
1661 5248 1854 5324 excepisset,
1888 5313 1895 5326 ‚

216 5331 290 5411 'jam
303 5333 400 5393 antea
411 5328 587 5400 intensum,
602 5326 811 5387 intensiorem
826 5326 886 5386 sibl
898 5325 1044 5390 reddidit.
1057 5325 1153 5388 Hisce
1171 5325 1320 5386 omnibus
1331 5325 1459 5386 demum
1470 5327 1662 5403 conspiratis
1677 5325 1853 5387 tactionum

223 5411 382 5487 partibus,
409 5403 688 5484 nPseudosynodo
698 5403 950 5465 chalcedonensi
974 5403 1138 5482 depositus
1155 5404 1214 5465 tuit
1228 5403 1477 5484 chrysostomus
1488 5422 1576 5467 11111
1588 5403 1657 5464 903.
1671 5405 1746 5466 11111
1753 5421 1851 5483 porro

221 5487 332 5550 omnia
347 5488 399 5549 hic
414 5484 601 5550 brevissime
615 5486 846 5561 representata
866 5482 918 5542 lon
942 5482 1060 5544 issimre
1073 5482 1214 5546 historiar
1228 5483 1396 5544 materiam
1417 5483 1704 5562 suppeditaverunt
1730 5484 1762 5544 iu
1778 5483 1852 5546 Vita

221 5565 455 5640 Chrysostomi.
470 5565 641 5641 Postquam
655 5577 733 5640 ergo
747 5560 910 5638 depositus
920 5501 1036 5633 fuerat,
1047 5567 1222 5640 antequam
1238 5563 1270 5622 in
1279 5561 1384 5622 exsilii
1397 5563 1503 5624 locum
1518 5561 1753 5640 deportaretur,
1771 5578 1853 5622 oon-

222 5649 349 5708 cionem
358 5641 482 5714 habuit,
493 5657 618 5720 quama
631 5639 770 5718 Georgio
782 5640 1001 5701 Alexandrino
1008 5641 1044 5701 in
1057 5641 1122 5704 vita
1135 5641 1235 5719 ipsius
1247 5637 1466 5718 chrysostomi
1476 5644 1698 5703 conservatam
1714 5639 1849 5707 edimus,

225 5725 362 5808 eiusque
375 5725 566 5804 postremam
578 5725 715 5800 partem,
730 5724 767 5783 ut
779 5724 962 5800 suspectam
980 5719 1031 5784 rel
1045 5719 1157 5786 saltem
1175 5719 1318 5782 vitiatam
1330 5717 1444 5782 damus
1457 5718 1616 5796 ;hnicone
1625 5719 1852 5786 subiungimus
