4142 6342
285 307 340 369 ner
639 273 1555 352 s.rosuurscunssosroutsnuu1ea.eousrnnntuor.
1848 239 1933 334 s'so

284 424 410 483 dentibus
422 419 456 477 ad
476 414 607 477 iussuim
621 425 706 483 usaue
718 407 850 470 addictos,
867 403 1080 475 ternplummque
1137 411 1242 463 nunna,
1256 404 1280 452 rt
1293 395 1363 468 uirga
1374 394 1462 451 Aaron
1472 409 1529 466 pure
1539 392 1698 466 fronduerat,
1717 403 1742 450 et
1752 393 1845 450 misire
1856 403 1935 450 totn-

284 511 473 592 magnitudinis
496 525 530 567 ιι
561 501 768 579 pulchritudinis
793 495 971 556 admiratione
994 493 1079 557 daci,
1134 487 1212 545 menti
1229 503 1238 544 :
1254 503 1332 560 snper
1352 503 1408 543 earn
1421 497 1505 542 ament
1518 496 1589 543 cram
1610 487 1744 544 ὒιιιιιιιίιιι
1763 487 1868 560 gioria,
1887 488 1933 544 ot-

284 610 413 683 tempium
435 603 500 678 ipsis
520 595 648 659 aedificari
668 592 806 668 precipit,
828 587 900 663 quod
922 601 976 644 ιιοιι
999 581 1081 640 modo
1134 581 1278 638 umbrantia
1300 579 1514 653 propitiatoriam.
1537 577 1587 634 His
1608 595 1666 635 nero
1678 579 1715 634 ita
1735 580 1890 651 compositis,
1904 581 1935 636 irs

283 701 404 760 materiae
424 690 620 768 magnidoeutia
643 699 724 767 atque
744 683 810 741 artis
830 679 968 746 varietate,
991 675 1039 734 sod
1053 683 1082 732 ot
1134 675 1215 746 priori
1225 673 1327 746 guidem
1341 671 1505 730 tabernaculo
1519 689 1617 745 semper
1630 673 1766 729 introibant
1778 673 1932 740 sacerdotes.

282 801 424 854 structurae
435 789 638 854 forms,osetera
650 779 751 848 omnia,
764 792 824 850 quaa
835 774 935 845 ubique
946 780 1081 828 terrnmm
1133 768 1316 838 sacrificiorum
1335 767 1417 840 officia
1437 773 1657 834 consummantes,·
1676 765 1704 822 in
1722 765 1833 822 secando
1849 776 1935 824 antem

281 893 358 944 mut
381 882 491 955 tempta,
512 877 679 935 obscuraret.
699 871 736 929 tir
755 866 979 943 quemadmodum
1003 869 1081 934 pater
1128 859 1248 916 armcttn
1265 859 1414 916 annosoius
1429 859 1553 932 pontisas,
1570 859 1687 915 nonnae
1705 859 1839 930 sunguine,
1859 876 1934 934 qnam

281 980 427 1037 liberorum
439 971 630 1032 amauritium
644 966 801 1040 proitigatis,
814 958 984 1036 perniciosis,
999 954 1079 1012 insci·
1133 952 1208 1024 offert
1217 969 1264 1025 pro
1277 969 1325 1008 san
1335 963 1360 1008 ιι
1367 952 1455 1026 popuii
1468 951 1612 1026 ignorantia
1625 949 1717 1021 (debr.
1727 953 1754 1010 9.
1765 951 1837 1026 ιι),
1851 949 1934 1008 vides

281 1073 324 1130 ris
345 1068 499 1128 bominibus
512 1081 601 1133 usum,
623 1062 760 1132 niorioque
773 1058 838 1114 iuna
859 1052 1029 1117 dissolutum,
1046 1047 1081 1105 ad
1133 1047 1220 1108 solum
1233 1043 1336 1116 ingredi
1344 1059 1479 1100 summum
1488 1041 1668 1112 sacerdotem,
1678 1043 1758 1115 idque
1767 1043 1849 1100 semei
1860 1043 1936 1100 dum·

155 1216 157 1227 .
281 1181 313 1225 se
334 1164 414 1237 longo
428 1160 557 1234 temporis
575 1153 717 1214 interuallo
738 1148 883 1222 recipiens,
899 1153 957 1201 tutto
976 1149 1006 1200 et
1017 1155 1082 1199 oum
1133 1145 1206 1194 taxat
1220 1146 1276 1194 toto
1288 1135 1380 1193 nunno?

284 1258 414 1333 dignitate
426 1252 560 1327 insaniori
572 1235 1040 1308 reramabundantiaconstituit,ne
1052 1232 1081 1290 ia
1169 1231 1197 1287 i·
1210 1227 1310 1287 teram
1324 1228 1389 1302 quid
1403 1227 1472 1295 baec,
1491 1229 1592 1300 inquis,
1617 1228 1651 1287 ad
1670 1240 1829 1302 praesentem
1844 1230 1934 1287 diem?

282 1352 420 1426 angustias
440 1349 542 1421 siituas
563 1342 710 1415 conjectus,
733 1336 854 1409 priorum
874 1325 1080 1391 recordatione,
1134 1321 1296 1395 Exspectate
1318 1320 1464 1394 paulisper,
1490 1335 1541 1378 uec
1565 1321 1786 1378 tumuitaemini:
1808 1323 1935 1396 scopite
1962 1319 1977 1360 ·'

281 1455 363 1519 staua
374 1443 456 1500 etiam
477 1437 622 1511 cupiditate
635 1429 796 1502 corripiatur
810 1442 818 1481 a
832 1425 868 1480 ita
883 1422 956 1480 Deus
972 1417 1082 1476 iudaeos
1133 1416 1206 1472 enim
1221 1415 1320 1471 iontem
1334 1413 1470 1483 ducimus,
1482 1422 1510 1470 et
1523 1412 1558 1470 ad
1572 1413 1659 1486 ipsum
1669 1413 1709 1470 rei
1721 1413 1858 1488 fastigium
1871 1429 1934 1487 per·
1958 1373 1972 1438 ἱ

282 1541 316 1598 ,ι
340 1553 385 1597 ης
407 1535 521 1595 sensiles
542 1546 603 1588 cum
633 1536 744 1596 stupore
765 1533 914 1596 propensos
934 1513 1039 1580 videns,
1053 1509 1083 1566 iu
1135 1508 1228 1566 uenire
1244 1506 1443 1575 contendimus,
1456 1515 1486 1562 nt
1510 1516 1607 1564 cuncta
1625 1507 1699 1564 nulio
1722 1511 1830 1581 negotio
1857 1511 1934 1568 uobis

231 1683 234 1685 Α
282 1633 357 1692 pap„
370 1629 436 1703 ipsis
448 1626 531 1684 rebus
549 1616 798 1695 praestantissimum
816 1608 917 1683 aliquid
938 1605 1031 1670 ettiait,
1046 1616 1082 1658 ne
1134 1608 1227 1672 aperta
1241 1607 1321 1670 atum
1335 1607 1476 1670 perspecta
1489 1597 1555 1654 siut.
1569 1597 1696 1665 Quinimo
1709 1615 1744 1656 no
1756 1598 1855 1657 diutius
1870 1617 1933 1658 ver-

282 1737 408 1795 „mmm
423 1728 516 1792 postea
539 1712 727 1788 AEgyptiorum
747 1716 795 1764 aut
816 1718 911 1762 eoram
927 1714 987 1773 quae
1011 1694 1083 1767 apud
1134 1692 1230 1750 borum
1243 1691 1434 1764 integumentis
1451 1698 1543 1749 nostra
1557 1692 1731 1749 obumbretur
1749 1693 1846 1762 oratio,
1866 1709 1936 1754 nere

283 1814 426 1888 AEfflgog
452 1807 556 1882 „pent
590 1805 714 1872 fuerant,
745 1797 891 1871 cupiditate
921 1795 1083 1864 caperentur
1135 1782 1363 1857 implicationum,
1378 1783 1513 1858 nimiaque
1522 1798 1627 1853 eorum,
1644 1799 1704 1856 qum
1721 1784 1859 1853 dicuntur,
1872 1785 1933 1842 iou·

212 1971 216 1976 ,
284 1910 295 1982 (
306 1907 392 1966 Ecod.
417 1903 474 1976 bb)
491 1899 697 1972 :templumque
720 1894 787 1968 ipsis
814 1888 907 1948 statuit
928 1885 964 1942 ad
988 1878 1083 1941 mundi
1135 1873 1538 1948 gitudinedeintigeminizjam
1546 1874 1677 1934 rationem
1689 1876 1766 1932 uobis
1786 1892 1933 1949 exponam,

279 2001 415 2072 mmm·
428 1997 563 2067 ,opusque
584 1989 713 2057 unirent,
735 1994 790 2042 tam
810 1981 882 2056 quud
895 1989 1083 2048 musmonem
1135 1967 1253 2024 ourbaec
1273 1966 1374 2036 omnia,
1397 1976 1451 2023 tam
1475 1968 1531 2024 nite
1556 1967 1680 2039 repetita,
1703 1969 1844 2026 moverim.
1867 1955 1934 2038 Qua

282 2093 356 2168 quod
367 2093 426 2150 soto
440 2089 576 2147 intellectu
595 2082 697 2158 percipi
718 2087 817 2152 potest.
830 2075 906 2132 Siout
924 2071 997 2128 enim
1010 2077 1084 2124 terra
1135 2076 1217 2134 porro
1227 2060 1307 2134 liujus
1319 2060 1358 2120 roi
1372 2061 1457 2118 ratio!
1469 2059 1536 2118 Cum
1548 2077 1655 2118 meuses
1663 2061 1719 2133 iarn
1740 2077 1789 2120 sex
1812 2063 1934 2122 Eiizabet

280 2198 332 2255 esa,
347 2184 533 2250 pacatumue
551 2176 680 2242 medium,
694 2169 836 2246 sepimeuti
857 2168 951 2231 instar,
973 2162 1025 2218 boc
1037 2161 1084 2216 iir-
1135 2155 1265 2212 ioannem
1277 2155 1304 2210 in
1319 2161 1534 2228 uterogestnret,
1545 2162 1601 2210 tum
1607 2152 1689 2210 Maria
1701 2153 1835 2226 concepit.
1845 2154 1936 2228 itaque

281 2286 449 2340 momentum
466 2294 474 2332 z
488 2276 524 2330 its
536 2283 565 2330 et
578 2269 645 2329 itiud
658 2281 765 2340 quoque
777 2263 843 2320 tieri
854 2259 946 2333 iussit.
958 2256 1085 2326 Dumque
1135 2248 1159 2306 si
1171 2245 1318 2317 uincamus,
1333 2247 1456 2321 quisnam
1469 2255 1562 2305 sentus
1574 2245 1620 2304 iile
1639 2247 1741 2306 mensis
1754 2245 1844 2315 inerit,
1861 2258 1937 2306 certo

281 2376 310 2432 tn
330 2380 421 2447 perses
434 2368 521 2426 diviso
540 2365 593 2421 hoc
605 2361 718 2432 empto,
740 2367 768 2415 et
788 2355 822 2412 ad
841 2351 959 2410 medium
972 2348 1084 2404 obtento
1136 2341 1216 2400 etiam
1229 2343 1360 2410 sciemus,
1375 2341 1607 2416 quandoooeperit
1619 2340 1701 2400 iiarin
1714 2342 1866 2414 concipere.
1882 2344 1935 2401 tte-

280 2467 354 2533 κιο,
375 2477 436 2519 eam
451 2467 641 2533 partemque
659 2447 847 2508 eatra·rcium
869 2451 938 2509 erat,
958 2439 1084 2497 omnibus
1137 2433 1199 2490 inde
1220 2448 1281 2490 cum
1309 2433 1531 2505 cognoverimus,
1558 2433 1694 2506 quodnam
1718 2442 1866 2506 conceptas
1892 2437 1932 2493 sui

281 2553 449 2630 suppeditandi
463 2556 623 2624 potestatem
648 2543 712 2601 iecit
726 2560 734 2598 s
748 2539 783 2597 ad
803 2537 916 2596 aiteram
929 2547 996 2591 reno
1010 2530 1085 2587 iiiam
1137 2525 1297 2599 principium
1307 2525 1441 2591 innituerit,
1453 2525 1544 2598 utique
1557 2524 1666 2597 quando
1680 2526 1814 2598 pepererit
1834 2542 1930 2600 cogno·

282 2636 438 2706 interiorem
459 2639 579 2708 nemini,
602 2644 782 2710 preterquam
802 2641 909 2687 sumroo
929 2620 1083 2690 sacerdoti,
1137 2633 1254 2687 scamus,
1269 2634 1366 2674 norem
1382 2619 1703 2689 mensesaconocptione
1717 2605 1899 2676 numerantes.

280 2742 382 2800 ,dignm
397 2746 479 2811 atque
490 2733 615 2808 intuitum
626 2737 720 2801 patero
729 2723 860 2798 permisit.
869 2717 1002 2778 Caeterum
1012 2712 1085 2787 quod
1172 2710 1314 2766 Zocirorias
1327 2727 1377 2783 quo
1392 2719 1504 2782 ternpore
1514 2709 1634 2782 angeium
1646 2710 1802 2783 aitoqaatas.
1811 2741 1848 2754 -
1860 2711 1936 2771 Unde

282 2837 343 2895 m
356 2847 411 2890 m
433 2836 526 2887 now
550 2823 705 2896 micam
727 2820 773 2887 sp,
793 2815 842 2874 ,gg
863 2809 936 2887 quod
955 2809 1085 2878 temptum
1138 2801 1228 2871 igitur,
1241 2803 1364 2874 quisnam
1375 2801 1421 2858 iile
1431 2810 1524 2858 sentus
1535 2801 1637 2858 mensis
1651 2800 1731 2858 iuerit
1746 2804 1935 2876 praegnationis

281 2939 377 2986 reneca
390 2921 473 2979 totius
487 2913 627 2975 mundiori
641 2909 795 2982 exemplum
813 2910 978 2963 exstructum
990 2898 1084 2968 tuerit,
1138 2893 1268 2960 Eiinabet,
1281 2893 1359 2950 nobis
1368 2893 1522 2950 constabit?
1536 2891 1603 2950 iiiuc
1618 2895 1731 2963 scilicet,
1745 2895 1768 2952 si
1780 2912 1935 2970 quomensc

284 3016 347 3074 aurii
370 3011 436 3085 quid
460 3009 559 3066 Paulus
572 3004 607 3062 de
626 3003 735 3060 cbristo
758 2999 785 3056 in
806 2997 901 3054 caelum
923 2991 1087 3050 ascendente
1138 2985 1247 3058 gravida
1262 2985 1322 3042 tieri
1335 2985 1458 3056 coeperis,
1473 2985 1664 3056 intelligamus.
1676 2985 1861 3056 Undeautem,
1873 2991 1935 3062 qtds

283 3110 396 3182 Ιιιιιιιιιι
409 3104 482 3161 dicat
495 3120 504 3157 r
517 3099 579 3156 Non
588 3097 655 3154 erdn
671 3096 700 3150 r'n
712 3094 860 3167 mansueta
870 3097 960 3144 sancta
973 3084 1087 3142 tatroirs't
1138 3079 1184 3138 iiie
1197 3077 1286 3147 tuerit,
1300 3077 1488 3135 addiscemus?
1517 3077 1546 3134 Si
1560 3079 1677 3134 ιιίιιιιιιι
1688 3093 1741 3150 quo
1754 3086 1874 3152 tempore
1886 3081 1936 3138 ιω.

283 3195 574 3268 dinannensium
584 3205 700 3248 oerorrnn
712 3185 805 3259 (uror.
816 3182 900 3253 Mi)
909 3200 917 3239 ς
927 3179 1084 3247 ostendens,
1140 3183 1195 3229 tum
1211 3172 1263 3228 hnc
1272 3171 1307 3228 de
1320 3187 1350 3229 re
1362 3171 1485 3228 nuntium
1498 3169 1641 3228 Zacharias
1656 3172 1714 3242 ejus
1734 3173 1845 3230 maritus
1856 3189 1936 3232 acce·

188 3270 192 3285 ¹
286 3293 359 3368 quod
372 3307 433 3365 qua
454 3287 525 3362 apud
539 3300 590 3344 nos
608 3291 682 3349 sunt,
703 3293 830 3338 sororum
844 3277 898 3334 sint
911 3272 1085 3345 exemplaria.
1138 3269 1219 3340 perit.
1232 3267 1366 3324 Ceterum
1389 3266 1441 3324 boc
1470 3266 1558 3339 ipsum
1580 3267 1651 3326 unde
1677 3269 1755 3326 nobis
1774 3269 1934 3340 explicatum

285 3389 363 3462 Quod
374 3401 455 3460 porro
467 3384 555 3440 reium
566 3378 705 3438 dirimeret
717 3383 809 3432 sancta
830 3378 984 3428 sauctorum
996 3382 1013 3422 a
1024 3380 1088 3423 san·
1139 3358 1211 3416 erist
1220 3359 1260 3416 tit
1274 3357 1373 3416 divinis
1387 3358 1533 3430 Scripturis
1545 3377 1551 3416 :
1565 3360 1701 3432 quomodo
1716 3376 1823 3418 sacrum
1847 3361 1937 3420 Evan-

286 3483 340 3539 ctis
351 3489 428 3538 entra
439 3476 545 3551 positis,
560 3474 629 3530 sicut
643 3472 694 3527 itoc
706 3468 802 3524 celum
823 3478 885 3536 uuae
897 3476 978 3534 super
991 3474 1021 3517 se
1034 3458 1086 3514 sita
1138 3453 1237 3527 gabuta
1251 3453 1334 3510 reiert
1346 3452 1613 3510 mnoartarersanu
1632 3455 1701 3513 intra
1722 3465 1815 3514 sanctu
1833 3465 1938 3514 saepem.

243 3616 245 3619 -
286 3581 359 3640 sunt,
372 3568 614 3641 sbomnibusqum
635 3560 705 3634 apud
719 3565 854 3624 noscunt,
868 3549 1087 3626 disjungit2audi
1138 3561 1200 3603 rum
1213 3546 1337 3619 angeium
1353 3546 1443 3602 tactum
1456 3544 1578 3603 attulisse
1598 3547 1732 3614 nuntium,
1760 3547 1837 3606 etde
1861 3559 1939 3620 partu

286 3662 421 3740 monendo
440 3660 522 3718 etiam
535 3657 588 3718 boc
600 3651 819 3712 subindicavcrit,
842 3662 904 3705 cmo
918 3641 1019 3702 caetum*
1034 3658 1086 3701 ue·
1139 3639 1286 3698 tmnntsat
1301 3638 1467 3711 praedixisse.
1490 3638 1519 3695 si
1544 3654 1636 3712 ergon
1657 3641 1741 3698 sacris
1761 3641 1847 3700 irrepis
1868 3644 1939 3701 ψη

286 3758 345 3814 inus
359 3753 486 3828 appellat.
501 3751 541 3806 bo
554 3763 602 3819 spe
625 3759 740 3815 namrpue
762 3739 891 3804 reterens,
906 3735 978 3808 quod
1000 3733 1087 3805 ipsam
1140 3732 1319 3800 docuerimus,
1336 3731 1420 3788 semei
1435 3729 1574 3788 dumtaxat
1587 3740 1678 3790 sancta
1693 3745 1846 3792 sauctorum
1865 3751 1938 3792 sum-

286 3853 357 3910 sicut
369 3848 514 3906 anchoram
533 3843 631 3899 animae
652 3832 797 3896 ιιιιιιιιιιιιι
810 3849 891 3897 uuam
904 3846 937 3887 ac
958 3830 1087 3896 iirrnam,
1141 3841 1214 3882 mum
1238 3823 1404 3882 sacerdotem
1426 3825 1487 3881 sine
1511 3823 1567 3882 ulio
1591 3825 1701 3898 comite,
1714 3827 1829 3899 ingredi,
1847 3836 1940 3899 etqua

287 3941 384 4000 deiude
408 3935 546 4009 subjungit
561 3954 569 3992 :
585 3932 618 3988 iit
636 3929 791 3986 incedentem
808 3941 886 3997 amre
908 3923 942 3978 art
965 3921 1088 3977 interiora
1142 3929 1274 3993 tempore,
1291 3927 1318 3976 et
1330 3929 1413 3990 quoto
1434 3917 1499 3974 anni
1513 3933 1607 3974 mense
1618 3959 1625 3986 ,
1638 3920 1715 3975 unica
1730 3921 1772 3976 iiia
1783 3923 1842 3977 rice
1855 3922 1940 3976 iutro-

288 4031 442 4098 oeianrinis,·
465 4028 508 4084 abi
531 4039 674 4101 precursor
692 4037 738 4093 pro
764 4019 836 4075 nobis
859 4016 970 4072 introivit
992 4013 1086 4082 dans,
1141 4000 1185 4070 ert
1201 4011 1445 4083 :incognitionem
1468 4022 1589 4084 apertam
1607 4013 1747 4083 tenrporis,
1773 4014 1939 4092 quoiatutn

290 4143 371 4202 capro
380 4124 579 4181 cainnssarsanr
592 4115 685 4194 (tiebr.
693 4112 778 4196 ttit).
789 4110 848 4183 so).
863 4108 944 4166 tides
953 4104 1089 4178 quomodo
1141 4105 1215 4161 ilium
1236 4105 1359 4161 nuntium
1371 4103 1490 4174 accepit,
1507 4103 1703 4162 deveniemus:
1722 4119 1775 4175 quo
1793 4103 1940 4169 declarato,

288 4221 385 4279 caium
409 4215 534 4272 uelamen
558 4206 753 4283 appellaverit?
777 4203 859 4260 iintra
882 4201 970 4258 seium
998 4207 1095 4255 autem·
1142 4201 1222 4256 etiam
1235 4197 1398 4270 principium
1410 4196 1596 4270 conceptionis
1608 4197 1731 4268 protinus
1744 4198 1870 4254 omnibus
1883 4199 1941 4254 aiu·

263 4332 270 4347 ·
291 4323 352 4372 01²⁸
364 4306 567 4374 fflssdsshbfflffls
590 4311 618 4360 θῑ
639 4314 743 4366 illem,
767 4305 794 4354 θῑ
814 4297 897 4351 attare
920 4307 1030 4358 tartum.
1054 4289 1089 4345 ιιι
1141 4301 1241 4349 cesoet.
1269 4290 1361 4362 itaque
1373 4289 1539 4362 quodsemel
1554 4297 1656 4346 tautum
1669 4289 1696 4344 in
1710 4303 1781 4345 antro
1794 4290 1848 4346 truc
1863 4291 1942 4356 intro·

290 4406 424 4467 sacriticin
442 4411 473 4460 ιι
493 4401 708 4468 holocautomata
723 4389 891 4464 excipienda.
912 4387 985 4444 intra
999 4383 1089 4441 vetum
1142 4385 1237 4450 iretur,
1264 4383 1346 4440 etiarn
1361 4381 1460 4440 Panium
1482 4380 1664 4439 manifestarit
1678 4398 1686 4436 :
1702 4383 1766 4453 quin
1787 4392 1816 4439 ct
1836 4382 1942 4457 iiopses

289 4515 356 4558 roro
380 4511 442 4554 arca
465 4485 637 4551 circumtecta
650 4503 684 4544 ex
707 4485 779 4542 omni
804 4490 879 4554 parte
892 4495 970 4547 atrro,
985 4475 1089 4534 tsbuias
1143 4477 1258 4549 idipsum
1271 4483 1364 4547 aperte
1378 4474 1506 4542 ostendit,
1523 4472 1575 4530 itoc
1598 4474 1678 4530 modo
1699 4474 1834 4546 inquens:
1851 4473 1885 4530 Et
1903 4477 1942 4530 to·

290 4587 704 4652 testamentibsbens,eturnaut
717 4591 837 4640 auream,
850 4572 987 4641 utrirgam
999 4570 1089 4625 Aaron
1142 4579 1235 4644 qantos
1247 4577 1283 4625 ιιι
1307 4566 1433 4623 itominnr
1455 4566 1491 4623 ad
1506 4563 1623 4639 diopsen,
1638 4566 1724 4621 dicens
1746 4582 1756 4621 .·
1781 4563 1943 4638 docuerant

290 4701 351 4759 quse
363 4680 531 4746 irouduerat,
544 4685 573 4733 et
584 4676 669 4732 aitsro
689 4683 812 4735 aureum,
827 4682 881 4722 nou
904 4662 970 4720 iiiud
986 4659 1090 4718 sacriti-
1144 4665 1230 4718 Aaron
1244 4663 1350 4732 fratrem
1364 4671 1446 4725 tuam,
1460 4667 1484 4714 et
1506 4673 1536 4714 na
1554 4659 1624 4714 omni
1642 4667 1753 4729 tanrpore
1779 4659 1942 4732 ingredictur

291 4781 395 4838 ciorum
417 4786 447 4832 et
459 4772 688 4834 holocaustorum,
703 4764 751 4822 sod
773 4763 856 4818 solius
875 4755 1034 4816 suiiimcnti.
1057 4755 1092 4812 Et
1143 4755 1327 4822 sanctuarinm,
1342 4751 1410 4826 qnod
1425 4761 1461 4809 est
1473 4752 1541 4806 intra
1553 4751 1636 4806 uetant
1654 4767 1741 4806 coram
1753 4751 1941 4824 propitiatorio,

292 4889 342 4948 per
355 4887 388 4929 ca
409 4883 470 4942 qun
483 4875 560 4924 entra
572 4870 660 4930 erant,
672 4857 798 4916 omnibus
812 4854 937 4912 incedere
958 4852 999 4908 ias
1011 4863 1090 4918 erat3
1143 4850 1212 4924 qnod
1226 4859 1262 4907 ιιι
1274 4865 1354 4921 sopra
1366 4863 1453 4904 arcam
1465 4845 1611 4912 testinnonir',
1628 4854 1652 4900 ct
1671 4861 1722 4900 non
1734 4845 1857 4900 moriatur
1867 4844 1944 4915 (Leo.

291 4983 340 5042 per
354 4981 386 5022 en
408 4976 474 5020 rero
495 4974 555 5032 qun
579 4958 662 5023 intus,
687 4952 738 5010 soii
763 4964 870 5008 summo
893 4945 1037 5005 narona.
1053 4943 1092 5000 tta
1146 4943 1190 5001 to.
1206 4943 1244 5014 i).
1266 4941 1302 4998 Et
1315 4942 1412 4998 iterum
1428 4958 1435 4996 :
1450 4937 1577 4994 Etonrnis
1594 4939 1670 4993 tronto
1694 4953 1746 4994 non
1759 4937 1844 4994 eritis
1858 4937 1946 4993 tabar-

291 5059 367 5116 bisce
379 5055 446 5127 ipsis
458 5067 552 5110 rursus
566 5046 748 5107 testimonium
761 5061 795 5102 ex
808 5042 891 5099 Paulo
902 5040 983 5106 dabo,
994 5038 1039 5110 qui
1052 5037 1093 5094 sic
1146 5035 1237 5092 nocato
1250 5033 1397 5100 testimonii,
1410 5029 1513 5102 qnando
1537 5030 1593 5102 ipse
1606 5031 1780 5087 ιιιιιιιιιιιίιιιιι
1801 5031 1967 5104 ingreditur·

292 5151 352 5206 ait:
370 5146 468 5203 Habuit
487 5142 589 5216 minen
609 5140 680 5212 prins
693 5135 883 5192 ntenrcrtam
895 5129 1093 5205 justificationes
1145 5129 1181 5182 od
1193 5124 1363 5196 expiandum,
1378 5122 1458 5181 donec
1470 5121 1615 5196 egrediatur
1626 5139 1636 5189 ,·
1650 5131 1675 5178 ct
1694 5123 1805 5194 armabit
1822 5138 1870 5195 pro
1882 5139 1910 5179 ac
1922 5135 1949 5180 st

292 5242 410 5308 enitare,
433 5247 458 5296 et
475 5246 592 5293 sanctam
612 5232 735 5290 montore
755 5227 842 5301 (datr.
861 5227 889 5285 9.
905 5225 933 5300 i)
950 5233 1091 5280 :sanctuni
1146 5221 1221 5276 donno
1235 5227 1328 5286 snn,et
1352 5233 1399 5289 pro
1422 5217 1536 5273 anionso
1553 5225 1620 5274 racto
1640 5213 1724 5273 donet
1739 5214 1821 5290 (ibid.
1837 5214 1895 5287 tt).
1911 5214 1951 5274 Ea

293 5333 423 5391 mantare
436 5329 554 5404 oppciiat
564 5326 681 5384 caterius
692 5321 891 5380 tabermcuium
906 5336 913 5372 :
926 5313 1094 5389 quandoqui·
1146 5314 1258 5388 expiabit
1269 5327 1347 5385 super
1358 5311 1448 5378 nitore,
1463 5309 1532 5382 quod
1543 5318 1581 5367 ast
1594 5325 1683 5364 coram
1695 5307 1805 5365 bontra
1815 5307 1871 5381 [ib.
1886 5307 1946 5380 tt).

293 5422 532 5483 dumtotimundo
552 5418 654 5492 ingredi
673 5416 793 5473 licebat:
809 5409 1094 5484 inprocandetabrans
1146 5406 1188 5464 Ex
1203 5405 1245 5463 iris
1258 5405 1351 5479 tiques,
1365 5419 1419 5462 non
1438 5403 1558 5476 quolibet
1580 5411 1701 5475 temporo
1720 5402 1747 5459 in
1761 5409 1855 5460 sancta
1879 5415 1946 5458 san·

293 5527 320 5576 et
333 5531 421 5572 nrensn
432 5522 457 5569 et
471 5511 611 5586 propositio
624 5525 730 5584 ponam.
745 5507 808 5562 Post
829 5505 996 5560 rebmentnrn
1008 5511 1093 5556 osteor
1147 5509 1252 5557 crorum
1273 5499 1423 5572 ingressum
1438 5496 1530 5564 tuisse,
1543 5504 1571 5553 et
1584 5495 1648 5553 duur
1661 5499 1734 5553 intus
1748 5501 1830 5560 esset,
1842 5493 1945 5553 nemini

294 5601 715 5676 secundantabernncstarn,aaod
732 5601 825 5656 dicitu
833 5605 1093 5664 sanctasanctorum,
1147 5597 1188 5652 ias
1201 5593 1284 5651 tuisse
1298 5608 1330 5650 ea
1344 5593 1500 5664 contingere
1513 5633 1520 5659 ,
1536 5590 1585 5648 sed
1600 5599 1676 5647 extra
1688 5589 1778 5647 uelum
1792 5587 1946 5647 consisten-

296 5720 402 5760 rnrresrn
410 5701 504 5758 tabens
511 5696 679 5764 ιιιιιιιιιιιιιιι,
687 5705 711 5752 ιι
720 5710 808 5750 arcam
814 5691 954 5749 tutamenti
962 5692 1095 5748 circana-
1148 5689 1212 5746 dum
1226 5687 1319 5744 ιιιίιιι.
1331 5684 1430 5742 Verum
1449 5683 1507 5742 isaec
1520 5699 1569 5742 ros
1584 5683 1679 5740 sedato
1698 5691 1789 5741 mente
1802 5690 1891 5740 restra
1906 5689 1946 5738 te·

296 5795 490 5873 ιιιιιιιιιιιι
509 5803 580 5874 parre
601 5789 722 5894 carnin
738 5803 788 5860 prro
810 5801 877 5843 rrrna
901 5799 978 5844 ssrea
1000 5783 1094 5846 soor
1150 5789 1221 5842 neto.
1246 5779 1387 5860 iieiiquum
1401 5777 1472 5838 enim
1487 5785 1538 5850 ost,
1563 5785 1592 5834 ut
1610 5775 1744 5854 quodnam
1759 5773 1825 5836 iliud
1840 5782 1948 5846 tompus
2046 5765 2047 5772 ’
