4142 6342
284 294 339 353 ede
639 284 669 341 S.
687 279 824 340 loannis
842 273 1080 368 cuulsosmttl
1098 271 1259 347 tuentur.
1277 266 1547 331 CONSTANTINOP.
1732 298 1735 303 -
1868 272 1924 331 §gg

285 386 362 467 ritate
375 405 463 477 (llam.
479 401 523 459 li.
535 397 574 475 8).
591 398 654 455 ltac
666 406 707 453 est
719 398 790 453 enlm
804 395 991 467 eleemosyna,
1005 392 1027 448 si
1040 391 1077 447 ita
1128 389 1234 446 ratione
1251 387 1294 445 sui
1307 386 1406 459 ublqm
1416 385 1579 443 mentionem
1602 383 1692 453 iaciat,
1713 399 1800 457 neque
1821 387 1924 459 uspiam

286 497 404 564 dederis,
414 503 443 551 ut
453 491 580 565 gaudeas,
594 496 622 545 et
633 495 709 559 putes
719 495 745 543 te
758 486 842 556 magis
853 484 986 554 accipere,
996 494 1077 553 quam
1129 482 1303 539 obliviscatur
1314 495 1322 535 a
1333 494 1420 551 neque
1431 478 1503 536 enim
1516 470 1559 535 iiic
1581 478 1735 536 mandatum
1747 488 1827 536 vocat
1839 480 1924 548 illud,

285 591 361 650 darc.
377 589 492 658 ideoque
509 583 596 639 modis
609 580 734 637 omnibus
745 586 856 634 conatur
869 584 900 632 ut
916 575 975 632 lene
998 572 1079 629 iaciat
1130 588 1217 645 oeque
1241 571 1450 644 eleemosynam,
1471 570 1519 627 sed
1536 570 1674 638 Gratiam
1694 572 1840 628 ostendens
1857 573 1927 630 sicut

285 680 567 757 preceptumac'cum
578 674 716 731 alacritate
726 670 888 727 llatoblatio.
899 664 1078 724 Eteonsidera
1129 672 1253 723 mortuos
1285 663 1439 730 suscitare,
1463 662 1602 721 demones
1627 660 1729 736 pellere
1750 672 1780 721 et
1806 666 1926 753 leprosos

284 788 350 853 quot
363 772 494 851 capitibus
509 768 635 843 praecepti
649 765 751 839 pondus
768 762 876 821 anferre
889 766 1002 832 satagat
1016 756 1077 815 Pri·
1129 757 1278 824 mundare,
1291 756 1372 837 sicet
1386 770 1517 826 pauperes
1534 754 1628 827 iurare
1644 754 1738 828 gratiae
1754 770 1823 826 opus
1844 772 1925 826 esse;

285 844 329 929 nro
350 842 427 941 iubet
447 880 500 923 noa
519 878 622 927 unum,
638 866 686 916 aut
704 858 773 915 duos
789 867 877 913 tresve
893 851 1010 919 oderre,
1029 849 1078 907 sed
1129 848 1185 905 lruo
1198 848 1287 919 potius
1298 846 1351 903 lroc
1363 860 1443 920 qaam
1456 846 1522 903 illud
1535 864 1543 903 ε
1556 858 1636 919 atque
1655 847 1761 905 etiamsi
1774 849 1859 920 gratia
1871 851 1926 918 sit,

284 964 438 1021 universam
452 956 598 1015 civitatem.
618 952 736 1008 Collecta
756 950 827 1005 enirn
849 947 916 1003 nihil
929 944 1001 1001 aliod
1015 950 1077 1012 est,
1129 939 1219 997 stadie
1228 948 1321 996 mmen
1333 947 1362 995 et
1374 938 1588 1011 alacritateopus
1601 938 1679 995 nobis
1697 947 1739 995 cst
1753 946 1784 995 nt
1796 940 1927 1011 eligamus

284 1072 365 1131 quam
377 1052 486 1111 collatio
498 1059 526 1105 et
540 1046 690 1121 symbolum
702 1042 737 1099 ab
749 1040 873 1098 omnibus
884 1037 1013 1094 oblatam.
1029 1033 1080 1091 Sc-
1129 1041 1157 1089 et
1166 1030 1292 1098 velimus,
1305 1039 1333 1087 et
1343 1046 1391 1089 nos
1400 1022 1486 1103 gram
1500 1030 1596 1103 dignos
1608 1030 1762 1088 reddamus.
1770 1032 1828 1090 iloc
1838 1032 1929 1105 itaque

284 1147 374 1207 cundo
396 1141 583 1215 accipientium
605 1134 727 1209 dignitati
751 1130 894 1205 prospicit;
930 1143 982 1184 non
1006 1125 1078 1181 enim
1129 1122 1164 1181 ad
1174 1122 1384 1180 consolationem
1402 1123 1511 1193 attulit,
1534 1122 1607 1193 quod
1620 1123 1713 1179 literas
1724 1138 1787 1180 suas
1800 1139 1862 1181 cum
1874 1126 1928 1182 illis

172 1242 180 1253 ’
284 1238 362 1309 dixit,
377 1248 518 1311 pauperes,
533 1230 581 1288 sed
596 1228 715 1286 Sanctos.
729 1222 820 1281 ‘lertio
834 1218 985 1289 exemplum
999 1214 1080 1273 adcrt
1128 1215 1262 1282 mitterem
1273 1214 1419 1282 aliudrero
1425 1214 1746 1288 majasadjecit,quodsc
1757 1217 1928 1288 polliceretur

286 1331 411 1397 aliorum,
424 1327 470 1399 qui
483 1324 570 1383 simile
581 1318 707 1393 quiddam
719 1316 854 1373 fecerant:
866 1312 940 1369 Sicut
951 1308 1078 1377 ordinari,
1130 1306 1232 1365 itineris
1241 1307 1344 1365 socium
1355 1306 1412 1365 lore
1423 1306 1514 1373 :Quod
1522 1306 1546 1363 ri
1554 1306 1753 1378 dignemlaerit,
1762 1307 1894 1379 inquitet
1904 1318 1929 1363 ea

279 1421 384 1495 inquit,
397 1416 517 1475 &eclesiis
528 1412 645 1471 Galatiae.
661 1408 702 1465 ud
716 1406 774 1462 baec
784 1404 838 1461 diei
851 1398 1079 1475 opportunitatem
1129 1414 1246 1472 specum,
1255 1396 1928 1470 meeumiiuntlldiordd.3.t).liicaniruadrertas

285 1513 376 1585 adjicit
387 1510 457 1567 :Per
466 1522 544 1565 anam
553 1503 723 1565 solimorum,
733 1497 780 1566 ait,
791 1484 961 1567 enusquimm
970 1502 1079 1549 restrum
1129 1491 1278 1563 rclimejus
1289 1488 1469 1563 prudentiam.
1489 1488 1662 1562 llequecnim
1674 1490 1782 1564 negarit
1794 1505 1827 1547 sc
1845 1492 1928 1548 simol

284 1607 355 1682 opud
367 1622 394 1663 re
405 1608 511 1674 scpomo
524 1596 707 1653 ammodum.
724 1590 846 1660 Quinto,
861 1602 915 1643 non
927 1584 1003 1657 jubet
1017 1598 1079 1639 om·
1130 1581 1248 1651 itumm,
1262 1597 1350 1656 neque
1363 1584 1475 1641 omniuo
1487 1582 1690 1655 pollicituscst;
1704 1583 1753 1640 sed
1766 1582 1832 1640 illud
1842 1584 1925 1640 etiam

283 1715 346 1757 nern
361 1694 503 1755 confertim
522 1688 617 1749 inlerri
638 1676 922 1757 eleemosynam;·sed
941 1678 1040 1735 sensim
1053 1683 1081 1732 ct
1129 1674 1251 1733 dantium
1272 1673 1384 1733 arbitrio
1407 1674 1656 1747 perniciemque
1675 1673 1849 1746 prolecttmts
1870 1690 1928 1732 san

282 1789 422 1865 paulatim.
444 1784 502 1843 Non
517 1784 590 1840 enirn
603 1796 653 1855 par
668 1786 710 1836 cst
723 1775 792 1833 ratio
806 1774 896 1832 omnia
912 1785 965 1828 ano
978 1768 1022 1827 die
1035 1768 1079 1825 in·
1130 1766 1254 1825 dominos
1274 1766 1352 1832 lecim
1367 1764 1507 1833 iudicans,
1520 1765 1545 1821 si
1556 1764 1657 1823 donam
1669 1773 1773 1821 uotum
1787 1764 1878 1834 soret,
1897 1774 1928 1823 ut

282 1882 346 1939 terri
360 1877 527 1952 precipere,
541 1882 586 1932 aut
601 1872 627 1929 in
642 1870 796 1927 diuturnum
812 1874 917 1936 tempus
931 1862 977 1919 illa
990 1860 1080 1917 minu·
1129 1874 1162 1918 ss
1183 1860 1296 1917 incitare
1316 1867 1422 1931 posset,
1445 1858 1497 1917 iter
1512 1874 1543 1916 se
1560 1868 1746 1929 susceptarum
1766 1872 1839 1915 esse.
1858 1858 1927 1915 llam

285 1971 361 2027 latim
381 1968 500 2025 diuidere
513 1983 521 2020 a
535 1979 598 2020 nam
620 1944 672 2018 lroc
685 1960 766 2017 modo
784 1959 905 2029 impensa
919 1948 1081 2011 ne'sentitur
1130 1967 1193 2011 cum
1221 1952 1298 2020 dicit,
1313 1950 1345 2009 Si
1368 1951 1474 2025 dignam
1498 1952 1593 2023 feerit,
1606 1951 1634 2017 id
1653 1950 1850 2009 subindieaotia
1873 1960 1924 2008 est.

284 2061 403 2135 quidem.
422 2059 524 2125 Serto,
536 2071 590 2112 non
604 2051 753 2125 praescribit
766 2063 938 2114 mensumm,
952 2048 1000 2103 sed
1011 2043 1079 2101 ode·
1131 2043 1244 2117 Quodsi
1260 2043 1451 2116 protectionem
1474 2042 1546 2100 illam
1566 2042 1679 2100 omuino
1696 2052 1838 2116 negasset,
1853 2043 1927 2117 ipsos

286 2154 402 2211 rentium
422 2148 534 2207 arbitrio
547 2144 693 2217 relinquit,
707 2153 735 2201 et
748 2140 812 2198 illud
829 2155 846 2196 a
861 2137 1019 2195 deodatum
1033 2134 1081 2190 de-
1130 2140 1282 2212 iguariorcs
1296 2139 1486 2209 segnioresque
1500 2136 1681 2204 reddidissem
1703 2136 1745 2195 sin
1766 2137 1847 2195 dolie
1862 2152 1926 2208 pro·
1998 2161 2003 2167 ·

284 2240 368 2301 'clarat
382 2261 389 2298 :
404 2255 467 2297 nam
479 2253 540 2297 cam
553 2235 637 2304 dicit,
654 2232 730 2301 Quod
743 2228 901 2289 commodam
913 2229 1006 2303 fucrit,
1021 2225 1080 2281 haec
1130 2232 1257 2298 misisset,
1285 2230 1492 2301 negligentiores
1515 2228 1632 2286 lecisset.
1655 2227 1719 2285 ideo
1744 2242 1794 2285 nec
1815 2228 1927 2286 omnino

284 2336 365 2393 sorbo
375 2334 483 2391 indicat.
496 2326 848 2403 septimumquoquealium
857 2324 966 2381 modom
977 2321 1079 2394 adjicit,
1130 2332 1221 2396 negat,
1234 2338 1320 2395 ncquc
1335 2322 1493 2395 pellicatum
1506 2322 1554 2379 scd
1567 2320 1632 2379 illud
1643 2321 1754 2379 arbitrio
1770 2321 1925 2379 Corinthio-

284 2428 386 2494 dieeas,
403 2423 439 2481 dr
452 2440 514 2492 oon,
527 2438 585 2478 cum
596 2436 698 2489 omero,
712 2428 772 2476 turre
784 2418 895 2475 collector
908 2417 982 2487 fiant.
995 2414 1079 2472 Simul
1129 2432 1189 2475 rum
1202 2416 1330 2488 relinquit
1338 2417 1442 2485 dicens,
1456 2415 1682 2489 Quorsumnam
1696 2416 1782 2487 [aad.
1807 2415 1925 2473 dedicu-

283 2518 356 2575 enim
379 2530 427 2574 eos
449 2514 550 2572 excitat
565 2520 752 2584 exspectantes
769 2510 911 2567 adrentum
934 2524 1032 2576 snum,
1052 2519 1081 2566 et
1130 2518 1171 2567 tes
1183 2510 1255 2567 enim
1270 2508 1381 2567 Paulum
1394 2509 1482 2581 ipsam
1494 2508 1646 2565 delaturam
1659 2508 1822 2566 oblationem
1837 2524 1923 2576 suam,

282 2610 447 2677 consolatur,
459 2614 561 2663 certum
573 2605 705 2663 adventus
716 2604 758 2659 sui
770 2602 841 2659 diem
853 2601 1016 2674 significans.
1028 2598 1080 2657 Ne·
1129 2601 1225 2672 majori
1239 2600 1329 2658 studio
1342 2609 1370 2658 et
1381 2601 1520 2659 alacritate
1531 2599 1565 2656 ad
1578 2599 1605 2657 id
1615 2600 1654 2657 rci
1668 2598 1838 2666 ferebantur,
1853 2600 1925 2672 quod

281 2698 336 2775 quc
356 2700 398 2757 lais
419 2706 562 2759 contentus
579 2707 702 2754 octavum
722 2694 796 2751 alind
815 2693 916 2766 adjicit.
939 2691 1080 2765 Quodnam
1129 2702 1230 2749 sanctae
1243 2692 1298 2749 illae
1324 2706 1419 2749 manus
1441 2692 1511 2749 dona
1531 2700 1685 2750 tractatore
1703 2699 1809 2761 ment,
1822 2702 1851 2749 et
1864 2692 1926 2750 lmic

282 2793 366 2850 illudi
378 2790 535 2852 Carnuntem
549 2805 659 2861 precem
674 2792 757 2861 lamo,
771 2786 867 2858 inquit,
880 2802 944 2857 quoa
956 2786 1079 2857 modorc-
1129 2784 1261 2842 sacridcio
1273 2799 1367 2857 preces
1376 2784 1447 2843 illius
1453 2784 1623 2842 accederent.
1643 2784 1727 2842 Porro
1739 2785 1762 2841 si
1774 2785 1857 2841 Paulo
1870 2794 1922 2842 tra·

282 2880 340 2943 r'itis
350 2903 394 2958 per
407 2886 536 2957 epistolar,
548 2884 594 2939 ios
606 2884 704 2938 mittom
717 2883 832 2955 perferre
842 2880 951 2952 proriam
960 2887 1077 2934 cestram.
1129 2877 1211 2934 ditari
1223 2878 1293 2933 dona
1307 2877 1457 2944 Corinthii,
1473 2876 1500 2934 id
1521 2893 1583 2935 cuna
1604 2878 1707 2949 majore
1729 2877 1867 2935 alacritate
1887 2877 1925 2934 la

286 2979 393 3048 Quodsi
406 2977 511 3049 dippum
524 2976 599 3049 {urit
612 2984 641 3031 et
656 2983 681 3031 ct
693 2990 738 3048 eqo
752 2990 824 3040 corut,
840 2988 939 3028 mecam
957 2972 1027 3027 liant
1039 2971 1077 3043 [l.
1129 2970 1253 3035 ciebant,
1266 2978 1294 3023 lu
1307 2968 1382 3025 Pauli
1398 2968 1512 3027 licutino
1524 2968 1636 3026 daturus
1648 2972 1721 3041 (uam
1734 2984 1783 3041 per
1796 2984 1924 3042 pauperet

285 3070 345 3126 Gor.
359 3069 403 3127 tt.
414 3070 441 3126 5.
454 3068 494 3141 i).
508 3068 575 3123 vida
588 3081 668 3138 quam
679 3066 792 3123 alienaa
805 3064 875 3120 lasta
888 3072 915 3119 et
928 3078 1008 3135 quam
1018 3078 1079 3118 mo-
1130 3060 1177 3118 illc
1185 3060 1318 3132 suscipit),
1332 3074 1410 3132 qoam
1424 3060 1624 3117 excasationem
1641 3060 1781 3118 habiturus
1799 3061 1849 3118 esl
1870 3062 1924 3119 lle·

225 3210 226 3215 ,
284 3160 360 3217 desta
381 3159 417 3216 sit
439 3160 517 3216 beata
538 3165 567 3214 et
586 3170 716 3229 generosa
736 3156 782 3211 illa
799 3156 907 3222 anima,
922 3153 983 3209 vide
999 3168 1079 3225 qoam
1129 3154 1284 3226 queenim,
1300 3154 1352 3209 nisi
1367 3168 1462 3225 magna
1481 3153 1577 3210 inisset
1589 3154 1689 3211 oblatio
1706 3155 1841 3227 multaque
1861 3169 1925 3212 cura

283 3254 416 3321 sollicita,
437 3267 516 3324 quam
538 3250 637 3307 amoris
659 3248 748 3319 plena.
767 3246 857 3303 Noluit
878 3246 970 3313 enim,
992 3258 1080 3318 neque
1129 3246 1220 3317 dignm,
1237 3246 1280 3303 illc
1291 3245 1336 3302 cui
1351 3255 1423 3303 totas
1435 3246 1510 3304 oriris
1525 3247 1660 3317 creditus,
1674 3256 1701 3305 et
1712 3248 1838 3306 coicere
1850 3257 1926 3306 erant

284 3360 378 3417 passus
392 3351 434 3401 est
453 3350 483 3399 ut
497 3342 533 3410 ii,
553 3340 598 3413 qui
614 3339 739 3412 pecunias
753 3336 965 3394 administmtnri
979 3344 1078 3403 erant,
1129 3350 1225 3393 omnes
1235 3337 1286 3394 sul)
1299 3336 1358 3395 sole
1370 3337 1512 3405 Ecclesiae,
1526 3339 1662 3410 pollicitus
1673 3347 1746 3397 esset
1757 3356 1788 3397 se
1799 3341 1925 3412 pecunias

284 3438 414 3497 arbitratu
436 3436 477 3492 sui
499 3435 583 3507 ipsias
599 3432 836 3499 constituerentur,
852 3431 900 3487 sed
916 3446 1009 3488 eorum
1021 3431 1079 3487 ele·
1129 3427 1380 3485 administraturum
1392 3444 1463 3487 esse.
1485 3430 1547 3486 llaec
1558 3430 1639 3502 igitar
1653 3432 1744 3487 animo
1761 3440 1924 3503 reputantes,

284 3527 476 3598 ctionemipsis
487 3524 617 3597 permisit,
626 3522 892 3595 nequecontumeliae
902 3522 962 3579 loco
974 3522 1077 3590 lnaboit,
1102 3540 1105 3547 ’
1130 3521 1187 3577 sire
1199 3521 1364 3592 largiendum
1378 3524 1425 3592 sit,
1441 3523 1497 3580 sire
1509 3524 1570 3581 aliis
1591 3525 1764 3596 largientibus
1773 3526 1925 3583 ministran-

284 3622 309 3679 si
327 3618 527 3678 Corinthiorum
542 3617 646 3675 calculo
660 3624 741 3689 atque
753 3616 907 3683 sententia,
923 3630 977 3671 non
989 3622 1080 3672 autem
1130 3611 1205 3678 duna,
1224 3629 1258 3669 ne
1276 3628 1372 3684 segnes
1382 3615 1476 3681 simus,
1490 3630 1577 3687 neque
1588 3615 1690 3685 moesti,
1703 3618 1775 3690 qaod
1788 3618 1925 3675 lacultates

283 3712 380 3781 Pauli,
400 3712 645 3777 constituerentur;
665 3718 759 3766 comm
777 3723 843 3765 rero
864 3706 1008 3765 absurdum
1022 3707 1080 3763 lore
1130 3705 1208 3762 aubis
1220 3707 1383 3764 minuantur.
1403 3708 1543 3777 Quomodo
1562 3700 1634 3767 enim
1647 3711 1792 3768 absurdum
1803 3727 1857 3769 non
1870 3712 1925 3771 lue·

284 3804 409 3872 censuit,
423 3804 447 3861 si
469 3802 569 3860 oblatio
581 3814 674 3859 eurum
689 3809 778 3869 essct,
792 3799 976 3858 ministrorum
990 3806 1079 3856 autem
1130 3800 1183 3867 rit,
1199 3797 1262 3855 dum
1276 3801 1392 3871 agricola
1406 3816 1498 3857 semen
1514 3802 1633 3873 iaciens,
1647 3811 1675 3859 ct
1686 3803 1756 3860 bom
1766 3803 1923 3874 eduradeas,

284 3900 380 3957 electio
392 3914 451 3955 sua.
466 3896 582 3968 ideoque
595 3895 623 3951 id
638 3894 689 3951 illis
703 3893 854 3961 commisit,
869 3893 1027 3949 modestiam
1041 3891 1075 3949 si·
1131 3906 1184 3949 non
1195 3894 1326 3960 tristatur,
1338 3906 1389 3950 nec
1399 3894 1484 3962 dolet,
1496 3909 1584 3966 aeque
1594 3896 1620 3952 id
1630 3904 1753 3967 sumptus
1762 3897 1823 3955 loeo
1834 3897 1923 3964 uruca,

284 3991 341 4049 mul
349 4006 425 4047 suam
435 3988 590 4055 ostendens,
599 3996 681 4058 atque
689 4002 797 4044 omnem
805 4002 897 4043 ansam
907 3986 1081 4058 umbramque
1131 3986 1180 4043 sed
1193 3987 1297 4043 lucrum
1314 3988 1403 4059 potius
1424 3997 1452 4045 et
1465 3991 1624 4061 proventum
1635 4006 1696 4049 csse
1707 4001 1799 4063 putat,
1820 3991 1923 4047 tametsi

285 4078 407 4136 adversae
417 4074 577 4149 suspicionis
588 4086 725 4133 resecans.
739 4074 805 4131 Nam
819 4074 881 4132 licet
892 4074 951 4131 sole
961 4072 1081 4145 splendi·
1130 4093 1193 4149 spes
1215 4080 1363 4137 sitinoerta
1377 4099 1385 4137 :
1400 4090 1436 4148 te,
1452 4083 1498 4154 qui
1516 4097 1570 4141 non
1593 4100 1643 4156 pro
1663 4086 1789 4157 peribus,
1803 4084 1849 4142 sed
1874 4100 1924 4157 pro

285 4170 346 4225 dior
363 4178 391 4225 et
412 4168 447 4224 ab
466 4167 540 4224 omni
560 4168 630 4223 mala
649 4165 801 4237 suspicione
821 4165 925 4224 alienos
937 4174 1010 4223 esset
1023 4184 1031 4221 :
1046 4181 1080 4223 ex
1130 4171 1215 4227 multo
1229 4172 1375 4243 maioribus
1387 4173 1515 4244 seminas,
1528 4184 1557 4233 et
1567 4176 1613 4249 qui
1627 4176 1655 4234 in
1668 4177 1740 4247 ipsas
1751 4168 1852 4234 Claristi
1865 4192 1923 4233 ma-

286 4259 432 4315 abundanti
440 4267 528 4315 umen
536 4256 645 4315 carnum
653 4258 845 4316 infirmioribus
852 4274 882 4315 se
890 4268 1079 4329 attemperare,
1130 4279 1182 4321 nus
1203 4273 1343 4335 argentum
1361 4266 1482 4337 jacturas
1496 4282 1535 4336 es,
1557 4269 1691 4340 relugere,
1707 4279 1834 4342 torpere,
1849 4272 1923 4327 etin-

285 4359 314 4408 et
333 4350 413 4407 falsas
426 4350 591 4421 suspiciones
609 4348 737 4422 edugcre.
749 4350 903 4422 ‘Propterea
918 4349 982 4405 dicit
995 4367 1003 4405 ε
1016 4348 1080 4405 Cam
1130 4356 1219 4427 opiam
1242 4356 1542 4427 pretenderetennon
1560 4368 1666 4433 poterat
1685 4362 1755 4419 licus
1779 4362 1924 4433 precipere

285 4453 369 4499 autem
381 4459 490 4517 precem
502 4446 582 4513 sacro,
593 4459 655 4515 quoa
668 4442 841 4513 proieceritis,
853 4443 899 4499 ies
911 4441 1009 4498 mittam
1021 4459 1080 4513 pcr-
1131 4447 1230 4514 telluri,
1245 4456 1274 4503 ut
1296 4448 1430 4520 proferret
1452 4466 1547 4509 aarum
1564 4456 1679 4524 paruml
1697 4453 1747 4523 Qui
1761 4455 1834 4511 enim
1847 4454 1922 4522 dixit,
2032 4487 2033 4492 κ

286 4540 353 4609 ferre
368 4536 478 4609 ponam
494 4542 612 4590 cestram.
627 4532 698 4603 Quid
717 4532 805 4590 dicisl
824 4535 866 4591 ‘l'u
879 4548 933 4590 aon
948 4535 1077 4606 navigas,
1131 4536 1259 4594 Germimt
1269 4540 1447 4596 amalerium
1458 4544 1520 4615 sorni
1538 4542 1615 4612 (Gerr.
1630 4544 1656 4600 l.
1671 4542 1728 4617 tl),
1746 4559 1867 4616 moxque
1879 4560 1924 4601 co·

285 4644 375 4701 neque
388 4629 516 4701 pecunias
528 4627 645 4700 accipis,
659 4627 706 4683 sed
718 4626 777 4683 aliis
790 4643 847 4685 rem
861 4628 1026 4685 committis?
1039 4626 1079 4686 lle
1130 4641 1247 4686 mantem
1261 4631 1398 4699 eatrtootr,
1413 4643 1516 4704 poterat
1539 4634 1610 4692 haud
1634 4633 1716 4694 dubie
1734 4622 1882 4712 precipere
1896 4644 1925 4692 ot

284 4722 365 4793 igitur
378 4720 440 4777 talia
453 4720 602 4791 cogitantes
614 4718 753 4790 segniores
764 4717 920 4793 euaderent,
936 4719 997 4775 vide
1009 4735 1077 4791 qao·
1130 4718 1218 4775 lontcs
1237 4728 1265 4777 et
1284 4721 1359 4778 ssusii
1379 4738 1474 4781 aurum
1493 4723 1593 4797 jugiter
1612 4724 1765 4783 funderent.
1785 4728 1885 4785 Veram
1898 4729 1923 4784 id

284 4814 366 4871 modo
378 4820 405 4870 ct
419 4813 471 4869 lroc
483 4812 579 4868 iterum
592 4821 696 4869 careat.
708 4811 768 4868 Non
780 4811 852 4867 enim
865 4812 1022 4884 simpliciter
1035 4813 1078 4869 di·
1129 4810 1224 4880 noluit,
1235 4812 1283 4869 sed
1296 4814 1395 4869 maltos
1407 4816 1433 4870 in
1445 4826 1601 4888 paupertate
1618 4816 1720 4875 dimisit
1733 4827 1790 4874 turn
1803 4818 1839 4875 olr
1852 4820 1924 4892 ipso-

283 4907 334 4976 xit‚
347 4907 420 4976 Quos
431 4903 619 4977 probaveritis,
636 4906 749 4971 mittam,
763 4905 810 4963 sed
825 4904 910 4979 quid?
923 4906 974 4961 Per
986 4907 1079 4978 episto-
1129 4921 1210 4974 rum,
1238 4915 1294 4962 tum
1319 4906 1355 4963 ob
1380 4916 1451 4964 tuam
1476 4908 1627 4966 utilitatem.
1646 4910 1714 4968 Nam
1741 4910 1776 4968 ad
1799 4912 1924 4970 virtutem

283 4998 334 5055 irs.
357 4996 468 5055 Etiamsi
483 5010 596 5069 corpore
615 5012 671 5085 uon
692 4995 834 5053 adlaturus
854 4997 926 5063 sim,
942 5006 970 5053 at
992 4996 1079 5055 literis
1129 4999 1305 5068 opportunior
1316 5008 1359 5076 est
1371 5009 1512 5072 paupertas
1525 5000 1644 5072 divitiis,
1657 5014 1686 5061 et
1699 5004 1742 5075 iis,
1761 5006 1848 5077 quiin
1862 5021 1924 5078 pec·

282 5090 352 5147 meis
365 5103 485 5162 praescns
497 5102 555 5155 ero,
570 5102 717 5159 eorumque
728 5087 867 5145 ministerii
881 5089 1023 5160 particeps.
1129 5091 1197 5146 catis
1207 5098 1279 5157 sont,
1291 5106 1344 5148 non
1352 5108 1433 5165 parra
1443 5094 1591 5167 consolatio
1603 5096 1690 5153 oritur
1698 5095 1734 5153 ab
1745 5097 1846 5155 auxilio
1857 5114 1924 5171 egc-

246 5203 253 5265 q
320 5180 347 5237 5.
367 5178 436 5237 llmu
458 5179 502 5237 vel
524 5180 619 5237 aunbra
643 5180 731 5249 Pauli,
750 5179 794 5237 vel
813 5180 1001 5239 calceamentis
1019 5180 1078 5253 ejus
1129 5182 1172 5239 nis
1194 5184 1322 5253 prestito.
1343 5184 1482 5260 Tantaque
1502 5188 1613 5259 laajnsoe
1630 5190 1669 5248 rei
1687 5205 1751 5246 cura
1762 5191 1881 5258 estlieo,
1896 5200 1923 5248 ut

282 5270 356 5343 digni
369 5271 590 5343 sumus,quaado
611 5270 657 5329 illc
678 5278 752 5327 tanta
780 5272 850 5343 apud
877 5287 972 5331 omncs
992 5273 1077 5345 gloria
1128 5289 1190 5331 cum
1212 5274 1367 5335 advenisset
1386 5292 1521 5353 caraeque
1546 5280 1655 5339 indutus
1679 5297 1742 5340 cum
1770 5282 1923 5341 laomiailrus

244 5382 249 5395 ·
283 5361 389 5434 fulgens
407 5363 528 5418 omnium
549 5361 636 5434 rejicit
657 5361 785 5431 honores,
799 5379 849 5421 nos
862 5376 951 5423 autem
977 5374 1078 5423 stoma·
1128 5378 1342 5439 conversaretur,
1357 5372 1591 5441 noadetrectaret,
1605 5390 1692 5446 aeque
1704 5375 1923 5449 ignominiaeloce

283 5452 435 5511 claamurot
447 5470 519 5527 aegre
538 5453 659 5523 ierimus,
670 5456 693 5514 si
704 5472 758 5514 rroo
775 5459 908 5516 sententia
925 5466 953 5515 et
974 5458 1078 5519 calculo
1128 5458 1249 5535 haberet,
1262 5462 1333 5535 qaod
1348 5464 1406 5534 lpse
1425 5480 1484 5537 qnae
1502 5465 1536 5521 ad
1551 5479 1683 5538 pauperes
1698 5468 1923 5539 spectabantdis-

283 5552 377 5602 nostro
385 5545 475 5602 talium
483 5546 658 5618 pecuniarum
671 5550 786 5621 prompti
794 5557 928 5617 creentur,
937 5558 1077 5609 contume-
1127 5563 1262 5623 pensaret.
1283 5555 1338 5611 Etsi
1358 5571 1423 5613 vero
1436 5565 1475 5613 tot
1497 5558 1925 5633 paneslecerat,etqusecomqoe

282 5632 400 5708 liamquc
414 5636 492 5693 nobis
505 5636 599 5694 inlcrri
611 5646 736 5709 putamus
747 5654 809 5697 cum
824 5638 902 5699 nobis
917 5641 1076 5702 inconsultis
1127 5647 1293 5719 relletjussu
1304 5646 1468 5720 perticicbat,
1486 5650 1549 5708 licet
1561 5662 1654 5726 posset
1663 5663 1805 5711 sexcentos
1815 5652 1924 5709 tltesau·

277 5726 400 5804 ‚qaiplann
416 5731 542 5801 pecunias
560 5732 717 5804 impendunt
734 5736 814 5795 suasi
836 5734 903 5793 lide
925 5736 1006 5795 etiarn
1020 5754 1071 5811 qua
1127 5753 1172 5797 ros
1196 5738 1336 5799 confertim
1360 5742 1514 5811 ostendere,
1528 5745 1613 5804 noluit
1627 5754 1715 5804 umen
1727 5762 1735 5830 t
1749 5746 1798 5805 sed
1815 5760 1923 5805 marsu-
