4142 6342
345 259 398 323 etr
496 197 558 267 ³¹
700 202 730 309 ε’.
749 244 890 309 totums
906 240 1150 324 nmasosrqttt
1165 240 1327 333 ¹alteruter.
1347 244 1613 307 causaturum.
1903 280 1937 345 ω

344 373 413 449 ipsis
433 378 565 447 questum
584 363 750 425 conciliaret.
776 362 869 433 anue
890 360 923 417 de
941 373 1023 417 causa
1046 373 1094 420 eos
1116 359 1143 424 in
1199 360 1284 419 molto
1299 374 1365 419 sane
1383 364 1469 437 magis
1489 380 1520 423 ea
1534 382 1595 439 quac
1612 379 1684 437 suut,
1708 381 1735 429 ct
1752 380 1874 447 qnaeiteta
1889 407 1935 469 nnnnn¹

344 466 521 527 barbaromm
534 474 641 534 quoque
653 471 747 512 manus
759 454 856 511 cadere
870 468 966 524 passus
976 460 1028 521 cn,
1042 465 1074 509 ac
1085 449 1143 509 lor·
1197 453 1361 513 emendabit.
1375 457 1409 513 tlt
1428 458 1505 515 multi
1519 468 1581 516 sunt
1599 462 1644 536 qui
1666 468 1780 535 peream,
1795 475 1858 531 multi
1873 488 1937 555 quq„

344 574 441 619 nocem
467 558 495 613 in
523 550 706 611 incredibilem
736 546 880 621 quamdam
902 544 1070 631 altitudinem
1096 557 1143 600 ac·
1196 548 1352 606 scandalum
1377 548 1528 609 intereunti
1554 555 1606 612 Sed
1632 558 1711 613 multa
1739 559 1872 634 bnjtrsmotti
1891 592 1937 655 ng„

345 650 436 720 curali,
446 640 778 723 regiamqueiraruntliam
789 638 900 701 lomene
911 634 1143 699 contestatam·
1196 642 1377 715 malignum,
1390 660 1452 717 quae
1465 655 1554 709 tarsen
1568 658 1660 721 postea
1674 668 1741 721 eam,
1761 672 1832 729 quarn
1845 679 1883 735 pan
1894 688 1936 746 qq,

344 745 423 811 nturi,
441 756 542 815 eosque
555 738 680 797 manibus
693 751 726 793 ac
737 734 851 809 pedibus
863 732 1014 800 arctissime
1034 730 1142 812 uinciri,
1197 733 1357 798 medicinam
1367 749 1533 812 consequuta
1544 751 1607 798 sunt
1625 762 1632 799 :
1649 745 1698 801 nisi
1711 748 1753 819 qni
1768 750 1865 813 tortasse
1883 777 1938 823 mnu.

344 834 467 908 atquein
481 834 570 905 ignem
589 830 704 901 conjici3
728 834 1011 893 comantemomnes,
1032 824 1144 897 quiens
1197 827 1231 883 tis
1251 828 1332 885 etiam
1359 829 1456 899 rebus,
1484 831 1512 889 in
1539 832 1677 893 incurabili
1705 842 1792 897 morbo
1814 852 1938 917 pnntnartrn

344 928 510 1001 spectabant,
526 939 621 981 eornm
635 922 750 978 salutern
763 935 813 993 pro
825 918 963 991 deplorata
974 916 1142 987 habuissent,
1196 918 1343 978 buerunt.
1358 918 1428 990 Qntt
1440 930 1530 981 autem
1544 940 1578 981 eo
1592 926 1699 983 nortrinc
1719 934 1892 1000 perturbatione
1901 948 1939 1002 att.
1969 970 1970 977 κ

343 1032 401 1079 tum
411 1020 518 1077 demum
531 1016 619 1073 subito
631 1029 664 1073 ae
674 1021 771 1087 proter
782 1028 858 1085 spem
871 1025 978 1067 omnem
991 1025 1052 1067 sese
1066 1024 1145 1067 erse·
1195 1015 1266 1077 ceris
1279 1014 1453 1096 animumque
1475 1018 1578 1091 dejicis.
1599 1021 1669 1091 quod
1691 1022 1736 1077 ille
1756 1026 1846 1097 cinctut-
1863 1036 1895 1101 gn,
1912 1042 1939 1099 qq,

344 1115 398 1171 ruit
411 1108 624 1185 prestantissimi
638 1104 749 1164 artillcis
768 1102 818 1161 liei
833 1104 859 1160 in
875 1102 1011 1160 miraculis
1029 1100 1143 1159 edendis
1196 1113 1289 1166 contra
1304 1108 1490 1167 introductus?
1503 1110 1626 1169 cbristus
1642 1114 1668 1172 in
1687 1130 1789 1175 crucem
1802 1122 1938 1195 agebatur,an

276 1275 282 1287 ,
343 1208 466 1273 lacnltas,
490 1216 572 1277 atque
592 1202 722 1261 eximium
744 1198 886 1273 quemdam
901 1200 929 1256 in
944 1196 1052 1257 modum
1073 1198 1141 1258 emi-
1196 1198 1331 1259 barabbas
1345 1202 1415 1264 latro
1429 1204 1600 1279 poscebatur,
1620 1216 1701 1279 atque
1722 1224 1861 1285 corruptum
1879 1222 1938 1297 reign

346 1300 413 1357 cuit.
433 1294 571 1372 Siquidem
596 1294 666 1367 ignis
686 1291 859 1360 vinciebatur,
882 1290 928 1364 qui
947 1299 1037 1348 autem
1062 1289 1144 1347 tincti
1196 1293 1358 1355 bomicidam
1372 1298 1553 1373 potiusquam
1567 1300 1736 1361 Sertatnmm
1750 1320 1780 1363 ac
1793 1316 1828 1365 tot
1838 1310 1938 1375 bucinis

344 1402 424 1451 erant
440 1388 629 1456 solt'cbantur;
649 1401 681 1444 ac
700 1383 796 1442 fornax
809 1384 837 1441 in
856 1384 984 1455 templum
998 1392 1026 1441 et
1040 1380 1142 1439 iontem
1195 1401 1254 1445 rum
1276 1398 1413 1447 auctorem
1437 1390 1649 1449 mnscrnaudnm
1675 1408 1735 1453 esse
1757 1397 1879 1461 clarmbat.
1895 1407 1938 1479 an

343 1502 377 1544 ac
390 1502 481 1544 rorem
505 1482 668 1548 mutabatur,
690 1479 817 1551 regiaque
843 1476 903 1533 aula
930 1474 1143 1550 magnificentior
1195 1476 1349 1539 bominibus
1370 1482 1428 1541 bec
1442 1484 1618 1543 ollcnsioucm
1632 1487 1762 1557 attulisse,
1783 1502 1840 1565 quot
1860 1494 1937 1559 bonit.

343 1579 534 1655 angnnstiorque
548 1572 710 1631 reddebatur
724 1580 918 1644 :naturamque
930 1567 1004 1625 illam
1015 1564 1146 1632 edacissi·
1195 1571 1247 1633 bue
1260 1574 1371 1638 esitium
1386 1576 1519 1635 invexisse
1532 1578 1796 1641 existimantium
1809 1599 1896 1657 presul
1905 1608 1938 1651 en

342 1688 426 1740 nram,
436 1685 469 1727 ac
479 1667 581 1726 ierrum
594 1665 674 1725 etiam
685 1674 713 1721 et
726 1664 838 1737 lapides,
851 1674 931 1737 atque
943 1678 1053 1720 omuern
1063 1661 1143 1722 deni·
1197 1680 1302 1723 monem
1316 1668 1395 1727 altius
1415 1680 1548 1741 repetere.
1565 1674 1607 1729 An
1621 1690 1675 1737 uon
1692 1674 1727 1743 is,
1746 1678 1789 1750 qui
1806 1682 1868 1739 cruci
1879 1686 1938 1746 aliun

342 1779 396 1837 que
409 1763 547 1819 materiam
561 1767 746 1833 superantem,
760 1756 876 1814 crinium
895 1765 990 1815 natura
1006 1754 1141 1815 vincebat.
1195 1768 1246 1824 est,
1261 1760 1351 1817 statim
1367 1771 1395 1817 ut
1411 1764 1437 1819 in
1453 1764 1539 1823 lucem
1560 1765 1671 1841 prodiit,
1691 1767 1774 1828 solum
1794 1774 1874 1841 vertit,
1890 1788 1938 1850 atqn

341 1860 433 1931 Atque
447 1854 674 1913 modulatissimus
692 1854 745 1911 illic
763 1859 916 1910 sanctorum
930 1850 1031 1911 ebortm
1043 1851 1141 1920 stabat,
1195 1864 1255 1905 cunt
1272 1852 1393 1908 universa
1409 1852 1489 1910 donno
1509 1858 1543 1917 ab
1562 1858 1626 1929 ipsis
1640 1859 1802 1923 incunabulis
1820 1865 1842 1919 tn
1857 1878 1938 1931 estune

342 1962 473 2022 utrasque
486 1965 531 2007 res
543 1948 665 2005 conditas
679 1946 712 2005 ad
727 1946 870 2003 mirillcum
892 1942 963 2001 bunc
982 1952 1142 2003 concentum
1196 1950 1294 2000 terram
1309 1942 1435 2015 fugitivus
1453 1947 1585 2021 rnigranit,
1601 1952 1626 2007 in
1644 1952 1811 2011 bar-turorau
1824 1957 1937 2021 scilicetn-

343 2044 460 2099 inritans
476 2058 482 2096 :
499 2040 667 2115 hymnosque
681 2038 715 2097 ad
735 2036 803 2113 greti
818 2037 899 2094 animi
918 2036 1141 2109 significationem
1195 2033 1302 2105 gionem
1318 2044 1371 2091 tam
1385 2036 1466 2113 longo
1476 2038 1581 2099 itineris
1591 2044 1733 2101 intervallo
1752 2044 1877 2105 distantem
1890 2054 1939 2111 amn

343 2134 378 2191 ad
392 2135 473 2191 licum
487 2130 713 2199 transmittebant,
729 2130 800 2205 quod
816 2128 940 2187 videlicet
953 2128 1065 2187 vinculis
1076 2143 1142 2185 con·
1196 2126 1272 2184 ctusl
1288 2128 1345 2199 Qua
1360 2132 1468 2203 quidem
1483 2150 1517 2191 ex
1533 2150 1613 2193 rausa
1628 2138 1722 2211 ingens
1742 2140 1816 2199 etiam
1830 2143 1864 2199 ris
1874 2150 1939 2205 crunni

313 2238 326 2254 ⁸
344 2228 442 2298 stricti,
466 2228 698 2300 quodquoniam
721 2224 829 2298 quidem
851 2224 878 2283 in
899 2222 1021 2280 hostibus
1045 2220 1141 2289 inierat,
1196 2223 1305 2293 profusa
1326 2233 1377 2290 est,
1400 2228 1488 2285 cedes
1501 2237 1529 2285 et
1541 2231 1718 2289 mactationes
1731 2234 1878 2303 exstiterunt,
1894 2249 1939 2297 tnn-

343 2324 431 2379 crusti
445 2324 465 2391 ¹,
482 2321 551 2395 quod
567 2320 659 2394 gntriis
674 2319 782 2377 sedibus
795 2318 941 2390 exturbati,
956 2316 1027 2389 quod
1044 2316 1142 2389 captiti
1194 2329 1279 2387 reque
1297 2317 1384 2375 omnis
1399 2327 1464 2381 artas
1477 2336 1532 2380 nou
1549 2338 1627 2384 secus
1642 2334 1721 2397 atque
1742 2325 1768 2385 in
1785 2327 1865 2401 praelio
1875 2340 1894 2387 ct
1906 2332 1940 2389 anie

342 2415 461 2483 abducti,
475 2415 546 2489 quod
567 2414 690 2471 libertate
708 2412 817 2496 spoliati
839 2410 963 2479 luissent,
978 2409 1050 2486 quod
1071 2409 1143 2467 urbi-
1195 2407 1395 2481 concidebatur,
1411 2412 1579 2489 infantesque
1599 2432 1616 2475 a
1633 2418 1758 2475 marnills
1773 2420 1847 2477 arntst
1862 2424 1939 2481 tinette

341 2502 411 2576 bns,
436 2508 509 2581 qnod
533 2507 658 2565 domibus
680 2515 814 2574 carerent,
843 2514 1019 2591 extorresque
1040 2513 1143 2572 essent,
1195 2500 1310 2572 banrtnr,
1337 2519 1453 2579 euntque
1474 2508 1515 2567 lac
1539 2509 1626 2567 adbuc
1651 2512 1678 2569 ia
1700 2512 1813 2573 innotus
1836 2514 1938 2585 baberent,

342 2602 416 2677 qood
426 2602 541 2677 denique
551 2602 577 2657 in
586 2602 673 2659 aliena
683 2610 711 2658 et
723 2600 838 2657 barbara
848 2608 921 2659 terra
931 2598 1060 2673 degerent
1071 2616 1079 2655 a
1092 2597 1144 2655 hoc
1196 2612 1289 2655 eorum
1303 2598 1329 2653 in
1341 2597 1434 2673 jugulo
1447 2608 1475 2659 et
1488 2602 1559 2661 collo
1572 2602 1673 2663 ierrum
1683 2605 1840 2679 adigebatur.
1852 2607 1939 2675 buitta

342 2699 414 2755 eninr
433 2698 501 2771 grati
519 2695 603 2758 animi
622 2705 673 2753 est.
693 2696 838 2769 Postquam
860 2704 950 2751 autem
972 2702 1000 2752 et
1026 2693 1142 2752 bostium
1197 2692 1325 2765 tragedia
1337 2695 1445 2770 gmrius
1458 2696 1633 2771 acerbiusque
1647 2696 1710 2774 tingi
1723 2700 1820 2773 porcsrt
1832 2702 1940 2773 ltqnelnae

342 2789 501 2861 irreprobitas
510 2789 628 2858 partibus
641 2788 766 2847 omnibus
776 2787 898 2844 absolata
911 2785 973 2854 init,
984 2786 1059 2859 (quid
1071 2787 1143 2843 cuim
1196 2788 1231 2845 ab
1241 2804 1275 2845 eo
1291 2790 1524 2863 perpetrabantur,
1539 2793 1584 2867 qni
1597 2792 1685 2865 ipsunt
1696 2793 1728 2849 ad
1740 2796 1940 2865 necemquenbat:

341 2884 412 2940 ultra
426 2891 541 2941 mortem
553 2880 609 2955 jam
631 2882 723 2939 contari
742 2880 897 2953 poterautl)
910 2889 938 2937 ct
951 2880 1070 2953 pugilum
1089 2880 1144 2937 nir-
1196 2890 1329 2941 ettamen
1350 2883 1420 2942 licus
1433 2899 1483 2955 pro
1502 2898 1550 2948 tua
1569 2886 1689 2953 lenitate,
1712 2902 1771 2946 cute
1792 2896 1839 2945 um
1855 2889 1940 2961 bagua

341 2986 386 3032 tus
398 2975 503 3049 expieta
517 2985 569 3042 est,
582 2984 662 3047 atque
674 2975 755 3030 etiam
770 2983 896 3029 contexta
910 2988 1021 3039 corona,
1030 2981 1058 3031 et
1072 2987 1143 3045 prae·
1196 2974 1286 3031 scelus
1300 2974 1496 3047 designaretur,
1515 2986 1643 3051 tantaque
1661 2979 1701 3036 ris
1721 2979 1819 3037 cruoris
1834 2976 1940 3045 lucretii

342 3069 398 3124 mia
413 3067 602 3147 ipsitcollccta
616 3075 690 3137 suut,
704 3067 822 3141 necinus
838 3066 872 3126 ad
883 3066 995 3139 gloriam
1011 3064 1143 3125 nominis·
1196 3064 1357 3137 patiebatur,
1372 3066 1409 3137 id,
1425 3067 1544 3139 inquam,
1561 3084 1622 3129 cnm
1636 3068 1779 3146 probibere
1793 3080 1876 3147 posset,
1887 3071 1939 3141 patr·

342 3176 395 3235 qne
410 3160 579 3234 splendorem
590 3161 735 3238 quidquam
750 3162 869 3222 restabat
880 3179 888 3217 :
900 3168 956 3224 tum
970 3159 1080 3220 demunt
1091 3160 1144 3219 uri·
1195 3158 1285 3227 batur,
1300 3176 1398 3221 arcana
1412 3163 1539 3221 nimirum
1551 3163 1685 3237 sapientia
1703 3173 1798 3221 tantam
1810 3165 1878 3221 animi
1888 3164 1940 3235 aqnt·

342 3256 405 3313 licet
418 3256 488 3313 mala
502 3256 686 3329 depelluntur,
702 3259 729 3313 cl
747 3252 794 3327 qui
816 3253 953 3312 fornacem
970 3254 1143 3323 accenderat,
1198 3262 1279 3310 tatem
1294 3268 1326 3311 ac
1336 3254 1473 3317 leuitatem
1491 3272 1546 3329 prae
1558 3272 1589 3318 se
1604 3257 1703 3316 ierem.
1719 3256 1852 3331 Postquam
1864 3264 1941 3315 antur

343 3364 445 3423 eosque
458 3359 512 3408 tam
526 3348 605 3425 grani
624 3348 757 3425 supplicio
771 3348 923 3421 addixerat,
944 3346 1015 3414 idem
1034 3356 1144 3407 sanctos
1196 3344 1372 3403 barbarorum
1393 3347 1503 3419 regione
1522 3348 1548 3405 in
1570 3350 1685 3421 patriam
1704 3349 1791 3417 rediit,
1813 3358 1879 3421 atque
1894 3357 1941 3403 atat

342 3445 403 3503 illos
418 3445 521 3517 pugiles
534 3442 655 3501 ruirilrcis
665 3441 792 3501 laudibus
803 3442 893 3511 ellert,
907 3458 940 3499 oc
953 3442 1113 3499 miraculum
1126 3457 1142 3499 a
1197 3449 1290 3495 auctus
1302 3448 1354 3505 est,
1369 3439 1468 3497 bellum
1479 3440 1593 3513 undique
1606 3441 1736 3499 attrenns
1746 3458 1803 3499 erun
1813 3440 1939 3499 excitabatur.

341 3538 513 3604 benennom
527 3537 666 3611 predicat,
685 3536 832 3610 literaeque
848 3536 949 3607 ingenti
962 3536 1043 3611 laude
1057 3533 1143 3591 reler—
1197 3532 1236 3587 Ac
1256 3532 1371 3603 primum
1395 3530 1507 3589 loannis
1529 3532 1653 3605 discipuli
1678 3536 1762 3592 livore
1781 3534 1940 3597 concitabantur,

342 3640 386 3689 tas
397 3612 506 3706 quoquo
517 3630 637 3705 gentium
657 3628 748 3700 mittit,
765 3644 797 3690 ea
812 3644 872 3701 qno
895 3626 1049 3688 acciderant
1070 3643 1142 3685 corn·
1197 3621 1301 3695 ipsiqnc
1324 3621 1494 3693 invidebant;
1516 3625 1621 3681 tametsi
1646 3624 1746 3701 alioqui
1768 3624 1871 3683 inarime
1886 3628 1940 3697 ipsnu

341 3740 507 3792 mucram,
521 3721 943 3797 atquelidedignumdirinorum
953 3720 1144 3779 miraculorum
1197 3713 1297 3771 coleret
1320 3728 1346 3771 et
1368 3716 1541 3785 observarem
1564 3730 1645 3791 utque
1665 3720 1708 3777 tris
1728 3720 1814 3786 uerbis
1827 3719 1942 3775 utebantur:

342 3832 496 3893 praeconem
520 3831 551 3872 se
576 3815 710 3889 praebens.
733 3813 801 3871 Nam
827 3814 954 3887 quonium
976 3813 1100 3869 iniuticus
1117 3823 1145 3869 et
1199 3806 1250 3875 Qui
1264 3820 1318 3865 erat
1329 3819 1412 3867 terunt
1431 3820 1501 3869 trans
1515 3812 1668 3880 dardanent,
1688 3830 1744 3891 ecce
1760 3816 1811 3889 ipre
1827 3814 1944 3885 innume

343 3909 431 3968 ltostis
443 3911 501 3983 ipse
518 3917 588 3977 crat,
604 3907 708 3966 idcirco
727 3906 784 3981 jam
804 3906 874 3982 apud
898 3905 990 3971 lrostcs
1011 3907 1092 3963 etiarn
1110 3905 1145 3963 ab
1197 3919 1283 3959 omme
1296 3902 1330 3957 nd
1342 3920 1398 3959 enar
1411 3904 1512 3963 nminat
1529 3904 1620 3989 (loen.
1635 3907 1662 3965 ὅ.
1685 3908 1741 3983 26).
1755 3908 1814 3969 tter
1826 3909 1884 3970 enin
1896 3906 1943 3963 rerb

343 4002 417 4060 omrri
429 4002 581 4075 suspicione
591 4008 694 4057 remota
710 4006 797 4066 erant,
813 4013 874 4073 que
888 3997 1086 4075 scribebantur.
1198 3994 1339 4055 lrorninum
1352 4006 1439 4069 erant,
1452 4000 1497 4073 qui
1514 4000 1569 4075 jam
1585 4000 1695 4063 inuidiae
1709 4002 1820 4064 sunnin
1835 4016 1941 4075 purgent·

379 4098 406 4154 ὅ.
428 4096 523 4153 littstt
544 4095 590 4151 bei
615 4092 768 4151 solertiarnl
789 4092 878 4148 nidisti
901 4091 1080 4165 sapientiarnl
1102 4090 1143 4147 vi·
1198 4101 1251 4157 tur,
1266 4088 1408 4169 atqnelroc
1421 4090 1516 4147 morbo
1532 4091 1696 4154 laborarent.
1711 4092 1943 4165 oneanqneenn

345 4188 406 4267 disti
427 4186 491 4259 quid
508 4194 607 4260 preter
621 4183 760 4243 bominum
778 4184 933 4258 opinionem
954 4183 1088 4257 patrarit?
1102 4183 1144 4241 ni·
1188 4198 1268 4244 unus
1282 4184 1363 4243 etiam
1377 4200 1410 4243 cx
1422 4184 1570 4258 discipulis,
1584 4187 1630 4259 qui
1644 4186 1716 4245 tanc
1732 4188 1867 4245 orationem
1878 4184 1944 4241 britte

344 4281 409 4339 disti
423 4278 613 4353 benignitatem
628 4284 655 4335 et
669 4278 780 4337 commi
791 4278 910 4337 Proinde
923 4292 958 4335 ne
971 4292 1144 4335 commerea-
1198 4288 1271 4347 rant,
1287 4294 1348 4337 cum
1358 4278 1452 4339 ludeo
1465 4280 1580 4355 quodam
1593 4283 1774 4342 contendebat
1786 4297 1816 4339 ac
1825 4278 1943 4340 decertabat

345 4374 385 4432 ris
398 4388 429 4431 ac
440 4371 619 4450 perturberis,
632 4387 725 4429 rerum
736 4388 784 4444 pro
794 4373 919 4429 omnibus
928 4372 1011 4429 rebus
1020 4380 1146 4432 enesim·
1198 4356 1405 4448 disputationem
1418 4372 1453 4431 de
1465 4374 1695 4445 purificationibus
1720 4390 1843 4444 naerens,
1854 4388 1879 4429 ac
1890 4368 1943 4439 beri·

347 4476 389 4524 ter
404 4464 456 4537 ipsi
465 4465 563 4539 gratias
576 4480 636 4537 age,
650 4480 767 4537 eumque
779 4466 870 4530 lauda,
890 4479 964 4538 roga,
979 4464 1146 4539 suppletque
1200 4482 1288 4523 srnuut
1302 4465 1413 4523 lourrnis
1438 4483 1499 4528 cum
1524 4467 1658 4541 baptismo
1681 4469 1863 4541 discipulorum
1882 4459 1944 4521 crit

348 4561 478 4628 obscum
493 4557 1026 4624 etiarnsisexcentitumultus,sexcente
1037 4566 1146 4629 pertur-
1200 4557 1353 4617 mnenon.
1368 4556 1448 4620 Facto
1471 4570 1508 4619 etr
1528 4561 1613 4639 enim,
1628 4561 1716 4635 iuquit
1741 4562 1794 4629 ille,
1815 4576 1843 4617 ee
1858 4551 1943 4627 disard
1975 4544 1976 4555 ἶ

347 4655 472 4710 bationes
485 4668 517 4708 ac
531 4652 657 4726 procelle
677 4652 725 4709 tibi
740 4651 776 4707 ob
793 4651 888 4714 oculos
908 4659 1060 4722 versentur,
1081 4648 1146 4715 nibil
1199 4652 1308 4710 lenonie
1327 4670 1386 4710 eum
1401 4652 1493 4711 ludeo
1512 4654 1624 4729 quodum
1642 4656 1748 4727 questio
1768 4655 1799 4717 de
1818 4648 1944 4725 periientire

349 4755 438 4801 tannen
452 4744 550 4801 borum
565 4754 590 4801 te
603 4744 751 4815 perturbet.
764 4742 858 4815 Neque
872 4742 944 4799 enim
958 4740 1088 4799 Dominus
1098 4759 1148 4801 uo·
1200 4744 1289 4817 (loon.
1304 4746 1330 4802 3.
1347 4744 1404 4817 25).
1420 4744 1456 4803 Ut
1469 4756 1559 4803 autern
1581 4747 1708 4804 miracula
1728 4746 1807 4803 edere
1823 4742 1945 4814 neptem

256 4864 261 4873 ι
350 4839 391 4895 tris
410 4853 500 4896 rerum
522 4836 679 4896 difficultate
704 4836 892 4903 antemmitur,
917 4836 1023 4893 etiamsi
1047 4836 1147 4913 alioqui
1200 4838 1340 4895 calumniis
1353 4840 1486 4913 appetitus
1500 4841 1559 4897 esti
1571 4840 1624 4899 tlt
1638 4843 1711 4899 enim
1725 4840 1944 4901 Samaritanunrll

351 4932 442 4989 ornnia
456 4933 483 4989 in
496 4940 644 4989 extremam
659 4929 808 5003 perniciem
824 4927 950 4986 devoluta
971 4928 1034 4987 sint.
1058 4929 1148 4989 roten
1200 4939 1228 4992 et
1241 4930 1437 4992 dunroniccum
1451 4932 1630 5009 appellabant,
1645 4934 1688 4991 bis
1702 4934 1801 5003 verbis,
1815 4929 1945 4994 sanmuro

237 5068 240 5074 ,
305 5026 448 5118 5qntppe
462 5025 519 5097 ipse
530 5032 559 5079 et
568 5022 692 5094 jaccrntes
704 5020 833 5090 excitare,
854 5029 882 5099 et
896 5031 1019 5084 amantes
1033 5021 1060 5079 in
1077 5020 1148 5079 niam
1200 5042 1228 5081 er
1242 5024 1485 5097 tendermniune
1496 5026 1675 5099 teintona.
1689 5030 1717 5098 tl.
1733 5027 1846 5105 t8);atit
1860 5025 1947 5091 iamet·

306 5124 322 5159 ⁸
349 5132 489 5185 revocare,
502 5127 530 5175 et
542 5130 591 5173 cos
606 5114 653 5190 qui
672 5112 864 5171 offendiculum
881 5115 952 5189 paui
970 5126 1046 5185 eunt,
1060 5116 1148 5187 enrri-
1202 5116 1422 5181 renndicentes:
1441 5116 1492 5197 llic
1513 5134 1564 5182 non
1577 5135 1609 5195 ca
1629 5118 1694 5188 lieo,
1718 5120 1763 5180 rent
1783 5117 1869 5177 educit
1885 5110 1946 5169 trrln

310 5260 318 5275 ,
349 5225 423 5283 gere,
439 5218 468 5267 et
478 5224 528 5267 cos
539 5208 586 5281 qui
598 5207 749 5266 innumeris
762 5210 881 5282 peccatis
891 5209 1014 5281 cooperti
1028 5218 1102 5277 sunt,
1117 5206 1150 5269 li·
1202 5204 1291 5283 (tona.
1306 5206 1333 5268 l.
1348 5207 1392 5281 li)
1402 5224 1409 5275 ;
1421 5209 1465 5267 alii
1479 5209 1709 5287 prestigietcrcm,
1720 5210 1763 5269 lria
1772 5210 1946 5277 retenentes:

310 5296 318 5323 ”“
350 5304 448 5364 borare
462 5318 494 5361 ac
508 5298 737 5376 pmboeettecre,
752 5311 781 5359 et
798 5302 945 5361 exstinctos
964 5303 1017 5362 rita
1031 5303 1147 5375 donare,
1202 5298 1238 5357 lrr
1265 5300 1402 5360 Beelzebub
1416 5303 1541 5382 principe
1567 5304 1754 5368 dcnmniorent
1778 5304 1841 5379 ejicit
1865 5292 1948 5355 lenti

352 5407 380 5453 et
392 5397 426 5455 iis
438 5412 500 5469 que
511 5395 601 5453 diruta
614 5404 688 5464 sunt,
703 5394 834 5470 majorem
850 5396 1023 5469 splendorem
1041 5414 1150 5471 compa·
1204 5393 1312 5467 (llottl.
1329 5394 1356 5465 9,.
1373 5396 1435 5467 dib
1452 5412 1484 5453 ac
1497 5398 1611 5477 subinde
1632 5398 1690 5462 bec
1711 5398 1867 5473 repetebant,
1885 5390 1948 5457 unqu

311 5516 322 5565 ,-
352 5504 422 5556 rare,
433 5495 530 5561 etque
542 5496 915 5557 vetustatcmcomraxemnt,
927 5504 1067 5548 renovare.
1081 5490 1148 5552 Nam
1204 5486 1309 5545 hostem
1329 5499 1354 5545 et
1371 5488 1522 5546 ltelluouem
1545 5506 1577 5547 ac
1597 5508 1720 5550 voracem
1740 5502 1768 5549 et
1785 5492 1842 5547 rino
1859 5485 1949 5544 amiran,

300 5584 309 5639 l
351 5596 413 5638 cum
428 5579 481 5638 boc
494 5578 604 5651 elliciat,
626 5591 656 5639 ut
673 5597 734 5655 qnae
754 5596 808 5637 non
824 5589 901 5638 erant
915 5581 1048 5653 oriantur,
1071 5594 1098 5642 et
1117 5585 1150 5643 iis
1203 5588 1283 5653 atque
1306 5577 1487 5651 improborum
1502 5596 1533 5641 nc
1549 5586 1713 5657 perditorum
1728 5584 1856 5643 borninnnr
1871 5576 1949 5635 anieno

305 5670 311 5693 ¹
352 5687 413 5744 que
427 5688 559 5748 nusquam
572 5674 682 5731 omuino
705 5675 895 5745 cernebantur,
917 5684 947 5733 ut
961 5674 1025 5741 sint,
1044 5676 1150 5749 aderat,
1204 5688 1265 5730 euru
1283 5674 1424 5733 necabant.
1453 5674 1526 5731 Venit
1545 5678 1637 5747 ertinrr,
1664 5680 1758 5751 inquit,
1782 5674 1858 5731 libne
1876 5665 1950 5724 teniat

385 5764 505 5845 ‘deuse
517 5772 543 5816 tn
553 5764 925 5849 tditbdcestmueanetbsed
936 5774 1060 5835 totenes
1071 5769 1142 5850 loqu.
1204 5768 1398 5825 manducarunt
1415 5770 1509 5836 libne,
1525 5780 1548 5826 et
1568 5772 1650 5828 dicitis
1666 5790 1675 5830 r
1694 5770 1760 5831 Eece
1781 5772 1848 5827 lento
1864 5762 1951 5820 neret
