4142 6342
725 281 769 338 oe
789 280 1020 339 recurrentur.
1045 283 1159 351 ironic.
1179 285 1199 341 i.
1290 258 1298 279 “

732 559 803 629 uu
834 532 1190 648 ammianum,

715 730 782 775 cuii
804 730 892 774 none
915 729 985 776 resia
1005 730 1172 776 nsoiissun
1187 714 1208 775 ¹.

437 998 545 1043 unsrun
558 999 567 1040 i
578 982 630 1058 (a).

171 1081 197 1136 i.
211 1080 294 1134 Amor
310 1088 336 1135 et
359 1078 506 1147 aotiidtiido
525 1072 699 1148 Chremeti
717 1086 778 1144 ergo
798 1070 931 1143 pambus

139 1172 221 1228 rna
243 1172 386 1227 mnam
405 1171 474 1241 ruat
496 1169 588 1223 time
608 1148 771 1238 perminii.
790 1192 827 1205 -
845 1162 933 1229 nin,

138 1280 235 1337 guno,
247 1277 389 1320 memores
401 1260 486 1317 nostrl
501 1258 596 1327 inistis,
606 1263 707 1328 guanto
720 1263 841 1324 tempore
853 1268 870 1309 a
883 1268 934 1309 io·

140 1359 178 1413 his
190 1355 331 1411 abfuimus
340 1355 353 1409 i
362 1353 431 1410 Nam
444 1354 503 1423 ipse
512 1350 620 1423 quidem
632 1348 716 1405 restri
724 1344 934 1417 numnamoblis

140 1450 201 1506 risci
222 1448 321 1519 potui,
342 1445 391 1503 sed
404 1446 497 1501 urlicm
511 1441 661 1509 dimittens,
676 1438 835 1495 memoriam
850 1434 935 1493 sesni

139 1557 188 1598 non
200 1540 312 1597 dimisi:
324 1535 552 1610 quemadmodum
566 1533 638 1589 enim
653 1531 699 1603 qui
713 1543 855 1601 corporum
866 1540 935 1598 pra·

140 1632 217 1688 stanti
229 1630 321 1685 iorma
336 1628 491 1699 capiuntur,
505 1637 673 1698 quocumque
695 1620 869 1687 recesserint,
888 1632 936 1675 se·

140 1739 197 1778 cum
207 1720 396 1777 desideratam
412 1717 508 1774 iaciem
531 1699 723 1771 circumierint
736 1730 744 1766 a
759 1708 830 1767 baud
855 1723 935 1767 secus

141 1816 186 1885 ipsi
195 1820 343 1869 venustate
351 1810 503 1866 animarum
516 1814 666 1887 vestrarum
687 1792 769 1870 tacti,
783 1818 844 1861 eam
857 1818 936 1858 men·

141 1906 172 1960 tis
184 1913 281 1961 satra
293 1902 415 1973 speciem
431 1914 540 1971 semper
551 1897 692 1954 nobiscum
707 1894 932 1952 drcumierimus.

141 1996 172 2052 Et
190 1992 423 2067 quenadmodum
446 1992 564 2061 pictores
588 1986 724 2044 coloribus
742 1984 826 2041 variis
846 1984 936 2042 mixtis

142 2086 258 2157 corporis
271 2084 408 2155 imagines
421 2080 551 2151 ellingere
562 2087 765 2136 consueverunt
779 2094 786 2131 ε
800 2077 873 2132 itaet
885 2076 937 2146 ipsi

142 2176 252 2233 studium
263 2183 388 2231 cestriam
398 2173 426 2229 in
435 2169 566 2237 collectis,
577 2168 605 2224 ln
617 2166 751 2225 audiendo
758 2166 935 2233 alacritatem,

143 2268 358 2326 benevolentiam
370 2282 433 2339 erga
443 2262 670 2327 concionatorem,
682 2264 833 2331 catenaque
846 2258 936 2315 omnia

143 2360 227 2415 officia
246 2359 336 2416 veluti
350 2359 457 2414 colores
477 2356 605 2411 virtutum
620 2352 709 2409 iarios
734 2350 936 2418 immiscentes,

143 2461 218 2521 atque
232 2448 494 2521 ipsum-animarum
517 2454 666 2502 restramm
690 2442 872 2499 characterem
885 2443 937 2498 im·

144 2542 289 2612 primentes
301 2538 456 2610 mentisque
467 2544 634 2608 apponentes
643 2536 740 2601 oculis,
762 2548 795 2591 ea
816 2532 938 2603 specula·

146 2635 212 2687 ione
232 2632 301 2687 satis
319 2640 420 2686 nostiae
432 2626 654 2700 peregrinationis
673 2624 826 2695 accepimus
838 2622 934 2679 solatii.

146 2722 203 2778 llec
216 2732 246 2779 et
257 2720 389 2778 sedentes
401 2727 430 2775 et
441 2725 594 2789 sumentes,
605 2727 634 2773 et
645 2715 815 2773 ambulantes
823 2724 851 2769 ct
860 2715 937 2784 quie·

145 2821 256 2877 socom
268 2821 297 2866 et
306 2810 477 2865 introeuntes
492 2816 519 2864 et
530 2818 670 2872 exeuntes,
678 2802 939 2860 continuorersaba-

147 2918 214 2969 mos,
226 2902 374 2958 caritatem
387 2910 506 2971 vestram
516 2898 558 2953 iel
568 2897 595 2951 in
610 2895 723 2952 somniis
735 2893 878 2958 intuentes,
891 2909 939 2949 nc·

147 3010 194 3065 gire
208 2993 331 3051 interdiu
354 2992 453 3059 solum,
475 2991 619 3048 sedetiam
634 2999 716 3045 noctu
729 2987 826 3044 iisdem
840 2986 940 3059 cogita·

149 3086 263 3142 tionibus
291 3084 374 3155 qnasi
406 3082 510 3139 deliciis
536 3065 754 3145 muniebamur,
787 3076 853 3143 iilud
878 3091 938 3133 cum

149 3178 290 3234 Salomone
312 3177 447 3233 scientes:
458 3174 514 3247 Ego
528 3174 636 3240 deindo,
650 3181 674 3226 et
688 3188 732 3227 cor
756 3186 841 3225 nomm
853 3166 940 3241 aigiiot

151 3270 231 3341 (Cart.
242 3271 270 3326 5.
282 3269 324 3341 Ξ).
345 3268 463 3339 idipsum
476 3276 503 3323 et
525 3266 603 3322 nobis
616 3262 808 3335 contingebat:
821 3276 883 3316 nam
896 3275 941 3317 so·

150 3364 198 3418 miii
211 3361 324 3433 quidem
336 3360 486 3416 necessitas
501 3356 641 3428 palpebras
664 3354 735 3425 ipsas
747 3350 940 3419 contrahebat,
957 3412 962 3421 Ι

150 3451 267 3523 tyrannis
280 3466 347 3506 rero
357 3447 459 3505 amoris
471 3448 553 3504 nestri
563 3446 657 3502 oculos
670 3451 770 3501 nostra
783 3442 882 3498 mentis
891 3457 942 3497 ex·

150 3544 267 3599 citabat:
287 3552 370 3612 atque
384 3552 572 3613 sepenumero
585 3552 633 3607 per
656 3548 780 3592 somnum
802 3532 941 3588 vobiscum

151 3633 221 3703 ioqui
231 3632 299 3689 mihi
312 3630 432 3687 nitebar.
451 3628 557 3685 Etenim
580 3625 719 3682 consuent
729 3624 818 3679 anima
830 3636 890 3692 guae
902 3620 942 3675 in·

152 3723 233 3779 terdiu
246 3722 360 3793 cogitat,
371 3718 467 3777 eadem
481 3716 624 3775 insomnis
638 3729 686 3787 per
701 3702 869 3786 phantasiam
882 3698 943 3767 cer·

152 3829 222 3880 nere,
236 3812 309 3884 qnod
321 3821 350 3868 et
363 3810 440 3867 nobis
456 3819 518 3866 tunc
530 3806 627 3863 accidit
641 3825 647 3862 ι
659 3813 687 3861 et
702 3819 751 3861 ros
762 3802 866 3859 carneis
878 3816 943 3857 ocu·

154 3904 183 3959 lis
194 3903 308 3958 minime
323 3901 435 3968 videns,
449 3899 533 3955 oculis
547 3896 665 3954 caritatis
673 3894 828 3962 cernebam,
844 3908 942 3963 corpo·

153 4008 232 4065 reque
254 3994 377 4060 absens,
391 3991 488 4048 aiiectu
506 4004 626 4061 praesens
639 4003 725 4051 eram,
743 3997 772 4042 et
785 4000 852 4043 meae
864 3998 943 4040 aures

154 4099 255 4157 temper
267 4084 388 4140 stamme
401 4091 491 4137 restro
501 4080 690 4152 personabant.
702 4076 790 4146 Quare
803 4084 831 4131 et
844 4090 943 4148 corpu·

155 4176 189 4229 ris
201 4173 360 4245 egritudine
378 4172 415 4230 ibi
428 4172 529 4228 diutius
541 4179 654 4243 cogente
665 4167 814 4234 immorari,
830 4175 859 4223 et
871 4164 944 4222 aeris

157 4266 309 4321 salubritate
328 4262 363 4320 ad
386 4264 477 4320 carnis
501 4264 642 4337 sanitatem
658 4258 826 4330 proliciente,
854 4254 881 4311 id
903 4254 945 4311 iis

158 4356 251 4413 amerb
261 4356 346 4411 iestri
357 4369 411 4410 non
429 4353 573 4421 tolerabat,
587 4351 636 4409 sed
652 4338 837 4415 exclamabat,
854 4350 941 4416 neque

160 4445 229 4514 prins
241 4444 412 4502 molestando
426 4444 552 4511 cessavit,
568 4457 647 4514 quain
663 4441 741 4497 nohis
753 4438 869 4497 suaserit
882 4446 946 4493 ante

161 4536 292 4605 praedxum
304 4546 411 4609 tempus
419 4550 576 4607 exsurgere,
590 4542 618 4591 et
627 4533 769 4590 sanitatem
781 4540 808 4587 et
820 4530 944 4601 volupta-

163 4634 210 4680 tem
233 4634 261 4681 et
283 4639 365 4681 omne
385 4623 572 4695 quodcumque
583 4628 626 4677 est
636 4620 761 4688 honum,
782 4627 945 4675 conuentum

163 4714 227 4769 bnii'c
238 4724 357 4771 restmm
376 4713 542 4769 existimare.
561 4710 629 4767 lluic
640 4712 721 4782 igitur
733 4724 836 4765 morem
848 4724 945 4781 geren·

164 4814 208 4874 tes,
219 4805 363 4861 maluimus
378 4804 479 4871 redire,
502 4805 609 4859 tametsi
623 4797 846 4871 morbiselinuiae
858 4806 944 4855 resta·

164 4905 227 4966 rent,
241 4912 323 4969 gnam
336 4897 460 4969 corporis
474 4893 656 4950 indrmitatcm
678 4906 790 4964 prorsus
811 4891 947 4963 deponere

164 4997 317 5059 satagentes,
334 4986 370 5043 de
392 4995 492 5043 cotem
504 4984 610 5042 caritati
625 4991 722 5041 restra
746 4982 882 5039 molestias
903 4982 946 5037 iii·

165 5075 236 5133 ierre.
250 5078 317 5135 liam
329 5088 357 5134 et
369 5077 425 5133 illic
435 5090 549 5135 manens
567 5074 769 5131 criminationes
784 5080 946 5127 restrasau-

165 5167 263 5225 dicbam
273 5188 281 5225 ε
291 5169 428 5225 continuae
441 5168 513 5223 enim
526 5166 612 5223 literae
625 5165 675 5221 lias
689 5163 764 5221 nobis
777 5162 923 5221 afferebant
937 5202 945 5227 ,

166 5259 329 5332 immanique
346 5259 457 5317 adhibui
470 5258 676 5315 criminantibus
689 5270 743 5312 non
755 5256 854 5323 minus,
867 5268 947 5326 quam

166 5341 327 5401 laudantibus
337 5347 359 5399 ¹.
376 5342 441 5399 liam
452 5343 550 5399 animae
569 5341 680 5397 scientis
689 5354 781 5395 amare
793 5340 846 5395 illae
858 5338 949 5394 crimi-

192 5458 200 5489 ¹
216 5457 321 5509 minen.
344 5459 380 5507 stc
396 5456 494 5508 tituiim
510 5456 593 5513 haber,
611 5455 637 5505 ιιι
652 5454 769 5506 miti...
789 5449 949 5515 carpenone

153 5529 268 5591 'imit
276 5532 335 5569 rare
345 5517 459 5593 regressi,
468 5523 493 5568 et
501 5518 531 5569 ds
547 5516 693 5578 eminentia.

194 5581 205 5610 ³
220 5579 272 5638 alii,
279 5588 304 5631 et
314 5579 455 5643 prement
466 5578 657 5635 mhndtmttihrtr,
667 5586 715 5627 etc.

194 5638 230 5702 (α)
244 5641 395 5691 cotlaucnm
410 5640 535 5691 codicibus
550 5642 630 5705 ttegiis
651 5640 718 5699 idad,
728 5637 790 5689 taso
804 5643 831 5689 et
841 5635 912 5697 iiii,
922 5642 949 5686 et

167 5712 216 5750 um
225 5702 360 5753 mhmtino
370 5702 441 5754 etot.

994 986 1117 1040 nationes
1141 983 1247 1042 inerant
1261 1028 1269 1053 ,
1284 984 1433 1045 absentiam
1467 999 1585 1047 nostram
1615 1002 1785 1049 accusantes.
1882 1018 1884 1023 v

999 1073 1147 1144 Pmpterea
1174 1090 1287 1149 surgens
1315 1076 1443 1145 cucurri;
1470 1069 1610 1153 propterea
1643 1077 1787 1155 numquam

996 1176 1114 1221 meacm
1127 1176 1218 1224 incute
1231 1168 1304 1239 oniti
1315 1168 1474 1227 excludere:
1488 1172 1535 1227 sed
1548 1172 1611 1243 guid
1626 1174 1722 1231 mirum
1731 1175 1789 1233 furt

998 1254 1021 1310 si
1035 1265 1229 1326 commoratus,
1246 1259 1354 1316 licentia
1366 1259 1481 1331 quadam
1494 1269 1522 1317 et
1536 1262 1660 1320 libertate
1674 1263 1787 1333 linens,

997 1355 1096 1404 vestrae
1128 1348 1251 1405 caritatis
1272 1365 1326 1406 non
1350 1366 1409 1407 suin
1435 1349 1534 1409 obiitus
1549 1370 1556 1409 ι
1572 1353 1789 1425 quandoquidem

1000 1438 1100 1495 Paulus
1111 1439 1226 1496 vinculis
1235 1440 1369 1513 alligatus,
1382 1456 1518 1499 carcerem
1530 1442 1694 1512 inhabitans,
1709 1454 1790 1515 atque

998 1528 1102 1587 iniiiiita
1117 1546 1185 1601 pene
1199 1530 1319 1603 pericula
1335 1532 1501 1589 imminentia
1513 1533 1619 1602 ridens,
1641 1534 1791 1591 incarcere

999 1638 1053 1679 non
1076 1638 1155 1681 seciu
1176 1638 1256 1695 quam
1271 1625 1297 1681 in
1316 1635 1392 1696 prato
1406 1632 1538 1691 versatus,
1554 1624 1594 1681 sic
1606 1622 1717 1681 iratrum
1730 1639 1789 1682 me·

998 1716 1110 1773 moriam
1130 1702 1266 1784 habebat,
1283 1726 1310 1773 et
1334 1717 1467 1777 scribebat
1487 1716 1579 1773 dicens
1596 1734 1602 1771 :
1618 1715 1736 1773 Sicatest
1743 1718 1791 1787 jn-

996 1815 1063 1861 atum
1074 1805 1136 1861 miti·
1147 1806 1195 1861 boc
1208 1806 1352 1877 sentirepro
1365 1807 1481 1861 onomius
1490 1806 1567 1872 nohis,
1575 1805 1674 1877 etgnod
1686 1805 1791 1861 iubeam

997 1914 1043 1954 eos
1052 1900 1079 1954 t'n
1091 1898 1198 1954 cordeet
1209 1900 1236 1954 in
1254 1898 1360 1955 uinculis
1374 1900 1444 1965 mas,
1457 1902 1483 1954 in
1497 1898 1674 1971 defensionen
1696 1898 1791 1968 congir-

997 1990 1109 2047 mata'one
1118 1992 1239 2065 evangeiii
1248 1990 1457 2064 (Piriiipp.i.l)i
1470 1992 1551 2051 Extra
1564 1970 1728 2049 inimicorum
1743 2006 1791 2047 ca·

998 2090 1072 2149 tena,
1088 2082 1157 2137 intra
1172 2083 1271 2138 amoris
1282 2082 1473 2154 discipulorum
1486 2096 1579 2140 cateiia
1591 2100 1599 2137 ε
1613 2082 1660 2139 sed
1674 2082 1791 2139 exterior

997 2173 1105 2247 quidem
1120 2190 1153 2231 ei
1167 2172 1239 2231 icrro
1251 2184 1413 2242 constructa,
1425 2174 1536 2251 interior
1544 2174 1695 2231 excaritate
1703 2172 1789 2239 iacta;

997 2279 1024 2324 et
1034 2266 1106 2323 illam
1118 2264 1224 2341 quidem
1235 2280 1418 2337 sepenumero
1428 2264 1631 2337 deposuit,hanc
1640 2277 1704 2319 iero
1715 2276 1792 2317 num-

998 2375 1078 2433 quam
1088 2358 1218 2417 dissolvit.
1233 2358 1285 2415 Sed
1299 2357 1522 2431 quenadmodum
1530 2355 1653 2411 mulieres
1662 2360 1792 2424 guomuoc

998 2453 1120 2513 dolorum
1134 2464 1223 2527 partus
1230 2452 1443 2523 experimentum
1455 2456 1632 2519 sumpsereet
1644 2454 1742 2503 matres
1752 2443 1793 2500 ia·

998 2556 1049 2604 ctae
1058 2556 1130 2613 sunt,
1144 2546 1250 2613 horum,
1260 2558 1328 2615 quos
1336 2551 1504 2613 pepererunt,
1514 2539 1674 2610 ubicumque
1684 2536 1791 2605 luerint,

998 2640 1111 2698 vinculis
1134 2653 1241 2709 semper
1261 2644 1323 2693 sunt
1347 2634 1462 2691 astrictae
1475 2652 1481 2689 :
1493 2634 1532 2689 sic
1550 2641 1577 2687 et
1589 2629 1698 2696 Paulus,
1713 2636 1793 2699 atque

999 2734 1068 2791 adeo
1082 2732 1166 2790 multo
1177 2731 1288 2796 lortius,
1302 2727 1440 2799 discipulis
1454 2726 1510 2781 suis
1519 2722 1682 2787 adherebat,
1702 2726 1792 2775 tanto·

999 2840 1053 2895 nuo
1064 2822 1157 2894 magis,
1168 2828 1270 2892 quanto
1282 2816 1447 2875 naturalibus
1461 2813 1612 2883 spirituales
1628 2820 1720 2881 partus
1730 2814 1793 2865 suut

1000 2910 1260 2973 lerientiores.liam
1277 2924 1329 2965 non
1345 2906 1428 2963 semel
1442 2947 1450 2973 ,
1466 2902 1514 2961 sed
1526 2902 1635 2959 cosdem
1648 2900 1689 2958 liis
1702 2906 1794 2968 partu-

1000 3008 1073 3074 rivit,
1087 3012 1115 3060 et
1124 3000 1367 3065 claruaiiatdicens,
1381 2994 1472 3050 Filioii
1486 2995 1546 3060 mei,
1558 2992 1721 3065 quesitorem
1731 3002 1793 3058 par·

1000 3098 1068 3155 tario
1083 3092 1155 3169 (Gai.
1180 3093 1207 3149 i.
1223 3089 1279 3165 tt).
1295 3089 1324 3148 ld
1338 3103 1403 3145 iero
1415 3087 1512 3143 mulier
1526 3098 1670 3154 numquam
1685 3091 1792 3152 patere·

1001 3196 1057 3254 tur,
1071 3200 1157 3257 neque
1170 3183 1294 3242 suberret
1305 3180 1416 3239 eosdem
1427 3179 1523 3234 iteruin
1545 3176 1653 3234 dolores
1667 3192 1674 3229 :
1687 3172 1734 3229 sed
1754 3181 1795 3228 to·

1002 3280 1106 3337 lerabat
1118 3278 1169 3332 boc
1187 3274 1297 3341 Paulus,
1317 3270 1388 3342 guod
1404 3271 1431 3325 in
1450 3279 1545 3325 natura
1559 3282 1612 3322 noii
1631 3272 1674 3323 est
1685 3264 1792 3319 nidere:

1002 3380 1031 3428 ot
1045 3384 1112 3441 quos
1126 3367 1210 3425 semd
1221 3370 1372 3437 pepererat,
1388 3363 1484 3419 iterum
1502 3360 1643 3431 reciperet,
1664 3366 1692 3413 et
1702 3363 1795 3411 acutos

1001 3478 1084 3536 super
1097 3461 1150 3519 illis
1172 3460 1279 3517 dolores
1305 3456 1443 3529 perferret.
1468 3452 1615 3533 Propterea
1634 3459 1663 3507 et
1680 3445 1795 3505 coniun-

1002 3555 1069 3624 dere
1094 3566 1142 3609 eos
1164 3550 1276 3617 rolens,
1303 3548 1370 3605 dixit
1394 3562 1402 3601 a
1429 3544 1500 3611 Quor
1530 3544 1621 3599 iteruin
1659 3538 1795 3611 parturio:

1002 3644 1081 3718 qnasi
1104 3643 1225 3710 diceret,
1251 3640 1357 3698 Parcite
1383 3636 1450 3695 mihi
1467 3655 1475 3692 a
1490 3636 1578 3692 nullus
1606 3632 1677 3689 iilius
1698 3644 1795 3686 secun-

1003 3736 1040 3793 do
1072 3743 1223 3793 maternum
1256 3740 1360 3788 uterum
1397 3738 1490 3799 partus
1523 3722 1660 3780 doloribus
1684 3719 1795 3785 aiiecit,

1003 3826 1074 3900 guod
1100 3840 1144 3882 mo
1166 3824 1221 3895 pati
1247 3821 1350 3892 cogitis.
1377 3818 1451 3874 Licet
1472 3814 1580 3872 dolores
1604 3812 1643 3867 ilii
1663 3823 1718 3865 uno
1731 3817 1798 3863 tem-

1004 3921 1077 3991 pons
1090 3925 1225 3975 momemo
1244 3919 1404 3984 torqueant,
1419 3918 1498 3977 atque
1512 3906 1613 3961 iniaine
1625 3917 1658 3959 ex
1677 3899 1738 3957 alio
1751 3898 1798 3954 de-

1007 4010 1115 4065 labente
1133 4015 1161 4063 et
1175 4006 1226 4077 ipsi
1238 4016 1345 4077 quoque
1358 3999 1516 4055 delabantur
1531 4016 1538 4053 ι
1554 3996 1583 4050 bi
1594 4008 1659 4051 iero
1681 4005 1734 4046 uon
1746 3990 1797 4057 sic,

1006 4101 1055 4162 sed
1065 4111 1092 4158 et
1102 4098 1241 4157 mensibus
1250 4096 1360 4166 integris
1371 4098 1495 4148 maneant
1511 4106 1519 4144 a
1533 4094 1634 4155 namet
1645 4097 1743 4139 annuiu
1755 4088 1798 4135 to·

1005 4203 1064 4251 tum
1075 4203 1258 4263 saepenumero
1277 4183 1416 4257 parturivit
1434 4179 1549 4253 Paulus,
1562 4186 1642 4248 atque
1655 4178 1799 4243 conceptos

1006 4301 1061 4342 non
1071 4282 1175 4357 peperit
1186 4298 1193 4337 ε
1205 4286 1233 4337 et
1246 4278 1302 4335 illic
1314 4275 1422 4349 quidem
1435 4271 1523 4330 carnis
1534 4278 1575 4325 est
1586 4268 1673 4333 labor,
1685 4264 1799 4321 hiciero

1005 4379 1117 4437 dolores
1136 4388 1189 4430 iion
1207 4378 1328 4429 rentreoi
1349 4364 1513 4429 distendunt,
1529 4360 1578 4418 ssd
1598 4358 1695 4417 animae
1718 4353 1800 4409 robur

1007 4471 1135 4528 lacerant.
1149 4462 1370 4538 ltqusutdiscas
1379 4448 1799 4529 msiementtoresessedolores,
1853 4512 1861 4519 ,

1005 4576 1067 4632 guae
1087 4572 1216 4630 unquam.
1228 4562 1316 4610 mater
1332 4555 1407 4622 optat
1428 4554 1551 4604 mmmm
1570 4545 1630 4599 loco
1651 4540 1800 4612 gehennam

1005 4648 1160 4709 sustineret
1179 4646 1227 4702 llic
1247 4657 1312 4701 iero
1325 4654 1379 4698 non
1393 4637 1474 4695 modo
1485 4635 1646 4709 gebennam,
1660 4630 1706 4686 sed
1726 4636 1801 4699 optat

996 4743 1087 4801 eliani
1107 4738 1249 4796 anathema
1260 4747 1323 4791 esse
1336 4730 1467 4787 achiisto
1479 4726 1567 4798 (Rom.
1582 4723 1608 4779 9.
1620 4722 1665 4794 5),
1679 4732 1801 4791 quopos·

1007 4842 1050 4891 tet
1060 4831 1168 4890 tudam
1182 4838 1279 4899 parere
1290 4838 1358 4894 quos
1369 4834 1476 4891 semper
1486 4817 1613 4875 continue
1626 4808 1798 4884 parturiebat,

1007 4933 1037 4981 et
1054 4920 1180 4993 quoniam
1188 4916 1215 4975 id
1226 4930 1280 4973 non
1295 4912 1447 4979 eveniebat,
1454 4908 1520 4965 ideo
1529 4904 1637 4963 dolebat
1643 4898 1798 4959 etdicebat:

1007 5012 1124 5071 Tristitia
1143 5010 1206 5065 aiibi
1220 5016 1257 5065 est
1274 5020 1377 5077 iugera,
1390 5011 1414 5058 et
1426 5001 1559 5057 cautim
1580 4994 1654 5051 dolor
1665 4988 1737 5045 cordi
1746 5002 1800 5041 meo

1008 5106 1098 5181 (Rern.
1123 5102 1151 5161 d.
1172 5100 1235 5173 ii).
1259 5100 1346 5170 hique
1361 5094 1406 5152 hic
1424 5104 1518 5150 rursus
1533 5106 1540 5144 :
1555 5080 1725 5146 Fiiloiimei,
1737 5092 1801 5149 quos

1007 5202 1100 5260 iterans
1114 5196 1238 5270 pmtsric,
1249 5192 1328 5249 donec
1340 5188 1455 5247 Christus
1466 5182 1589 5259 fonensi
1601 5179 1627 5233 in
1640 5174 1708 5230 troiia
1727 5170 1797 5245 (Gai.

1008 5298 1036 5353 i.
1054 5293 1112 5366 lu).
1123 5288 1254 5361 Quidnam
1286 5285 1349 5343 alio
1374 5282 1418 5339 illa
1446 5276 1550 5335 beatius
1569 5270 1627 5335 luit,
1649 5279 1709 5338 quaa
1733 5262 1800 5319 tales

1010 5388 1081 5443 biios
1092 5396 1186 5457 parcre
1194 5378 1290 5451 potuit,
1301 5375 1346 5448 gui
1359 5373 1386 5429 in
1394 5386 1423 5428 se
1432 5366 1565 5425 Christum
1576 5352 1799 5425 baberentinuid

1011 5494 1074 5537 iero
1098 5471 1249 5532 ioecundius
1272 5482 1315 5536 ea,
1335 5478 1394 5537 quae
1417 5458 1510 5516 orbem
1529 5450 1670 5525 progenuit
1693 5444 1800 5503 toturn?

1010 5572 1073 5646 quiid
1083 5586 1115 5627 ca
1128 5567 1232 5633 lortius,
1246 5559 1399 5635 qiiaeeditos
1412 5562 1439 5611 ct
1451 5548 1555 5607 adultos
1565 5544 1700 5603 abortivos
1709 5544 1800 5613 miset

1010 5664 1099 5722 denuo
1113 5658 1253 5731 concipere
1276 5668 1307 5712 ac
1328 5644 1493 5709 reiormarei
1507 5642 1534 5699 id
1548 5641 1619 5699 enim
1639 5637 1666 5695 in
1685 5630 1799 5694 naturali
