4142 6342
241 326 295 397 tor
596 330 626 389 s.
645 325 784 389 4444444
801 313 1044 385 euntsosrour
1063 313 1222 412 rncnrnn.
1243 315 1513 382 causaturum.
1816 269 1886 382 ’444

240 437 1039 516 erediderunt.ltamajusbocillolnitetevidentius,plusque
1096 436 1190 507 siqua?
1217 435 1309 494 Nullus
1331 437 1403 494 eninr
1424 436 1540 495 exuitis
1564 450 1625 494 eura
1640 435 1761 504 obiisset,
1785 437 1889 510 nrajnra

240 541 342 599 adillos
355 539 521 608 alliciendos,-
530 535 614 596 raluit
621 546 701 609 atque
713 533 869 600 flectendos,
877 542 908 590 ut
920 547 1042 590 resurre-
1093 536 1156 598 post
1169 527 1271 585 obitum
1288 529 1362 600 siqua
1380 529 1443 586 lecit
1457 546 1464 584 :
1479 535 1507 584 at
1520 526 1565 586 bic
1583 526 1684 600 majora
1705 537 1734 584 et
1760 527 1841 584 modo
1862 541 1891 585 et

240 636 324 694 ctioni
336 634 416 691 iidem
429 633 567 690 baberent.
582 630 652 699 Quid
666 631 726 688 dieo
737 627 890 686 Thomaml
903 625 1041 698 Siquidem
1095 629 1188 676 natura
1201 621 1309 678 inerunt
1322 637 1382 694 quse
1402 633 1565 694 consequuta
1578 631 1641 678 sunt
1651 620 1789 678 miracula.
1803 619 1890 694 Siqui-

239 740 269 786 ut
284 729 355 785 scias
368 742 403 784 ne
416 734 530 783 ceteros
549 725 658 798 quidem
675 722 821 797 discipulos
843 722 930 794 prirno
944 719 1042 776 intuitu
1080 711 1155 769 -dem
1171 721 1264 770 natura
1280 714 1353 771 luere
1371 715 1482 787 majora,
1504 729 1565 770 eum
1579 714 1678 772 Christi
1698 713 1793 771 umbra
1814 727 1892 770 nuru·

238 819 400 887 credidisse,
410 818 557 891 prudenter
569 815 753 874 attendelioli
767 823 857 872 tarneu
870 813 931 870 illos
942 809 1043 868 conde-
1095 819 1175 877 uuam
1195 801 1317 864 mortuos
1331 807 1465 864 suscitarit
1481 815 1527 864 :at
1538 807 1720 879 apostolorum
1736 805 1830 863 umbra
1849 813 1891 862 ta·

241 904 1044 982 rrrnare,dilectissime;sienimillosGbristusnondamna·
1096 900 1132 956 444
1146 899 1228 956 multa
1242 899 1365 971 perfecit.
1391 900 1470 958 blodo
1483 914 1560 956 -vero
1579 899 1681 972 majora
1707 898 1781 956 luere
1804 900 1890 970 siqua,

210 1007 216 1013 '
241 1007 290 1073 rit,
305 1021 394 1078 neque
405 1015 434 1062 tu
446 1003 625 1062 illosdamues
639 1001 782 1059 :uidebant
794 1000 865 1058 enim
879 1014 937 1054 rem
947 996 1042 1050 miram
1096 991 1169 1064 quod
1184 1001 1239 1048 turn
1252 992 1359 1064 quidem
1383 993 1441 1064 ipse
1463 993 1598 1064 imperans
1625 992 1752 1050 miracula
1776 990 1869 1049 ederet
1884 1009 1892 1048 :

241 1107 268 1154 ut
284 1100 438 1158 inusitatam
449 1096 794 1170 discipuli,primnqenitunt
807 1093 893 1164 ipsum
903 1106 919 1146 a
931 1088 1044 1146 mortuis
1097 1092 1159 1154 post
1180 1085 1331 1155 passionem
1357 1094 1446 1142 autem
1460 1086 1531 1142 servi
1545 1087 1605 1158 eius
1624 1095 1736 1158 augusto
1755 1093 1784 1142 et
1801 1094 1895 1142 saneto

244 1195 390 1251 excitatum
415 1212 423 1250 r
452 1201 578 1250 caeterum
605 1190 722 1247 maxima
748 1184 880 1258 eiusmodi
915 1180 1045 1238 miracula
1097 1176 1271 1247 ojusnomine
1281 1176 1401 1233 adhibito
1409 1178 1510 1249 maiora
1521 1188 1549 1236 et
1560 1171 1715 1236 sublimiora
1724 1185 1893 1250 peragerent,

246 1289 337 1358 primo
358 1295 506 1358 conspeetu
527 1296 629 1342 terrere
643 1287 842 1340 consueverunt
866 1290 1005 1349 quousque
1015 1274 1045 1330 in
1097 1276 1129 1324 ut
1140 1268 1254 1339 amplius
1265 1277 1293 1324 et
1304 1269 1446 1341 gloriosius
1460 1270 1638 1343 uirtusipsius
1650 1269 1799 1342 effulgeret.
1811 1269 1895 1326 llulto

247 1381 368 1438 iudelium
390 1380 525 1437 mentibus
554 1375 697 1450 progressu
722 1371 851 1444 temporis
874 1368 1046 1426 stabilitatem
1098 1360 1295 1434 quippemajus
1309 1361 1485 1419 luitalterunr
1499 1377 1598 1420 nornen
1619 1363 1705 1434 ipsius
1722 1369 1895 1433 usurpantem

244 1475 362 1546 aliquam
384 1471 596 1544 acquisiverint:
614 1467 686 1540 quod
712 1466 793 1524 etiam
816 1472 880 1520 tuno
905 1458 1046 1532 discipulis
1099 1455 1162 1511 talia
1174 1455 1302 1512 miracula
1315 1462 1432 1526 patrare,
1446 1470 1526 1528 quam
1538 1456 1624 1527 ipsum
1645 1457 1833 1526 imperantem.
1848 1453 1896 1510 vt·

245 1565 345 1623 euenit
359 1561 580 1636 Postquameninr
593 1559 724 1627 cbristus,
740 1557 786 1629 qui
799 1555 938 1612 amortuis
951 1566 1044 1608 resur·
1099 1545 1148 1603 des
1162 1555 1190 1603 et
1206 1556 1301 1604 natura
1315 1555 1343 1606 et
1357 1548 1438 1605 modo
1450 1548 1552 1621 majora
1564 1547 1648 1604 luisse
1659 1547 1844 1620 apostolorum
1858 1545 1897 1602 si-

245 1664 364 1722 rexerat,
383 1656 450 1712 dixit
463 1654 525 1720 iilis,
549 1650 610 1707 Pae
623 1650 702 1717 robis,
727 1646 886 1713 conturbati,
910 1644 1005 1716 inquit,
1022 1651 1047 1698 44
1099 1655 1161 1712 qna,
1171 1639 1355 1710 dilectissime,
1368 1657 1428 1714 qum
1435 1639 1534 1699 Christi
1543 1643 1769 1700 resurrectionem
1783 1651 1897 1716 sequuta

244 1747 375 1804 comerriti
387 1745 563 1802 4444444444444
580 1760 606 1799 re
623 1741 742 1814 spiritam
760 1739 853 1805 ridere,
868 1747 892 1794 44
909 1735 974 1792 diait
993 1733 1048 1792 illia
1100 1736 1184 1791 suntl
1195 1734 1286 1808 ltaque
1297 1735 1502 1794 resurrectionis
1512 1735 1661 1793 indubitata
1675 1744 1717 1793 est
1729 1736 1898 1794 demonstra·

245 1837 420 1906 suessonici
432 1835 526 1892 imbuti
539 1836 597 1892 estis
619 1831 695 1908 (444.
710 1832 757 1888 il.
777 1829 865 1888 44-444
875 1827 896 1901 ).
911 1828 975 1884 Post
989 1825 1048 1882 4444
1100 1827 1148 1884 444.
1159 1825 1236 1894 Nam,
1248 1838 1277 1884 44
1296 1835 1359 1884 ante
1374 1827 1447 1896 dixi,
1463 1829 1600 1886 etiterum
1614 1826 1713 1900 dicam,
1739 1830 1762 1886 si
1783 1838 1897 1910 mortem

245 1947 307 1989 eum
320 1930 483 1990 ostendisset
494 1929 535 1986 eis
545 1943 643 1984 manus
654 1934 683 1982 et
693 1924 786 1999 pedes,
810 1922 872 1980 Nou
891 1920 1049 1977 cameriatus
1101 1921 1212 1978 obiisset
1229 1919 1472 1989 carisiacense
1493 1922 1698 1990 resurrexisset,
1718 1921 1794 1994 siqua
1816 1923 1898 1980 etiam

244 2025 299 2082 44444
307 2040 363 2098 proe
372 2023 499 2096 qmdioet
508 2020 659 2077 4444444444
672 2019 738 2075 dixit
749 2035 759 2073 .·
769 2017 874 2074 liubetia
888 2015 929 2071 4444
938 2013 1047 2085 aliquid,
1101 2011 1213 2070 interire
1225 2013 1388 2084 oportuisset
1396 2029 1429 2069 ac
1438 2013 1521 2071 deleri
1532 2032 1539 2068 :
1544 2015 1600 2084 jam
1609 2028 1672 2072 uero
1682 2030 1735 2071 non
1748 2013 1829 2072 modo
1848 2012 1899 2071 de-

250 2120 319 2191 quod
332 2113 621 2190 maresscalcus.
631 2111 777 2186 illiquod
790 2111 842 2166 luae
853 2109 957 2165 ratione
967 2105 1050 2172 uellet
1101 2102 1154 2160 leta
1172 2119 1226 2160 nnn
1246 2113 1308 2160 sunt
1330 2103 1417 2164 sedet
1437 2105 1580 2164 illustriora
1600 2105 1699 2174 deinde
1721 2115 1801 2179 atque
1826 2107 1899 2164 eele-

242 2206 706 2267 lllisildemlaeereresurrectionis.
721 2205 782 2262 Non
795 2201 938 2275 persuadet
948 2201 996 2258 tibi
1009 2200 1050 2256 la·
1101 2196 1192 2254 briora
1214 2207 1278 2254 sunt
1300 2199 1379 2258 lacta.
1395 2199 1423 2257 Si
1440 2201 1513 2258 enim
1525 2200 1710 2260 Christusnon
1733 2204 1899 2262 resurrexis-

248 2313 303 2373 tus,
314 2303 412 2376 inquit,
423 2317 511 2375 neque
522 2299 651 2358 uulneral
662 2298 758 2356 saltem
772 2310 864 2352 mensa
877 2292 1046 2369 persuadeat.
1102 2301 1163 2362 set,
1183 2308 1327 2366 numquam
1350 2293 1395 2350 alii
1416 2293 1475 2366 ejus
1485 2294 1513 2351 in
1526 2297 1634 2353 nomine
1657 2298 1720 2354 talia
1734 2297 1809 2370 siqm
1822 2295 1900 2354 iecis-

232 2427 245 2460 .-
283 2396 311 2452 7.
341 2394 378 2452 144
403 2403 493 2452 autem
527 2397 651 2449 accurate
684 2403 832 2462 cognoscas
854 2387 954 2444 idcireo
973 2387 1048 2441 illum
1101 2385 1770 2460 sent.Eademquipperirtusetantepassionem
1793 2399 1901 2461 etpost

247 2485 368 2554 dixisse,
388 2483 494 2541 44444444
517 2483 558 2538 irie
578 2482 690 2554 aliquid,
716 2481 785 2554 quod
805 2479 994 2537 444444444444444
1013 2493 1049 2536 44
1101 2477 1254 2548 passionem
1268 2477 1365 2536 44444444
1379 2479 1507 2536 miracula
1524 2495 1577 2538 :ao
1600 2482 1717 2552 primum
1731 2482 1839 2555 quidem
1852 2496 1901 2554 per

244 2577 318 2637 lorie
328 2577 502 2636 simulacrum
514 2590 577 2633 esse
597 2575 641 2632 rel
663 2574 798 2646 spiritum,
819 2585 865 2630 aut
889 2571 1049 2643 phantasma
1101 2580 1142 2636 se,
1158 2567 1256 2625 deinde
1270 2585 1335 2626 roro
1355 2585 1404 2642 per
1414 2570 1582 2642 discipulos:
1599 2582 1628 2629 ut
1640 2582 1729 2630 autern
1750 2575 1900 2633 evidentior

247 2676 386 2744 putarem,
402 2668 451 2726 sed
463 2681 556 2725 reram
565 2681 597 2723 ae
606 2665 799 2723 subsistentem
809 2665 1047 2731 resurrectionem,
1102 2661 1130 2714 e't
1151 2659 1293 2731 qloriosior
1310 2661 1388 2720 lieret
1411 2663 1619 2722 resurrectionis
1640 2665 1774 2738 probatio,
1799 2668 1900 2739 maiora

245 2762 376 2834 audique
389 2769 467 2834 paeto
479 2759 575 2817 Petrus
586 2759 629 2815 bis
641 2757 800 2829 comprobet
809 2756 1047 2816 resurrectionem.
1101 2762 1164 2826 post
1188 2769 1295 2812 erucem
1315 2754 1423 2824 llebant,
1438 2765 1466 2814 ot
1489 2756 1646 2815 sublimiora
1670 2758 1802 2832 prodigia.
1824 2759 1900 2818 Unde

245 2853 314 2914 cum
323 2854 396 2911 44444
402 2853 526 2921 dixisset,
540 2850 610 2906 444444
623 2850 698 2906 illum
709 2849 849 2917 4444444444,
864 2863 896 2903 ue
907 2848 978 2904 dedit
991 2863 1050 2902 4444-
1101 2862 1168 2904 roro
1181 2856 1298 2918 constat,
1314 2848 1387 2908 dioet
1399 2848 1527 2920 infidelis,
1545 2849 1617 2907 edita
1629 2859 1686 2909 tunt
1707 2851 1790 2909 luisse
1804 2841 1901 2924 444444

246 2951 368 3023 situum
384 2963 443 3002 444444
461 2946 517 3017 peri
542 2945 613 3000 uobis
628 2942 730 2999 44444444
744 2943 933 3013 preordinatis,
952 2942 1049 3002 deiris
1103 2937 1190 3010 Unde,
1205 2955 1320 3013 quaeso,
1343 2941 1500 3000 crucifixum
1524 2940 1660 3000 christum
1673 2942 1755 3002 luisse
1776 2945 1900 3002 44444444

245 3037 453 3099 44444444444444
465 3035 723 3094 demonstrationem
735 3033 854 3091 aderens
866 3034 965 3106 adjecit
978 3049 985 3089 ε
998 3031 1050 3101 osi
1101 3030 1141 3087 Ex
1162 3032 1248 3088 sacris
1272 3030 1392 3102 Litteris,
1405 3033 1527 3105 inquam.
1541 3033 1607 3090 llam
1622 3043 1650 3092 et
1662 3035 1737 3108 signa
1750 3035 1806 3094 tum
1817 3036 1899 3096 luisse

246 3130 458 3188 misenum
479 3137 503 3184 44
527 3127 635 3184 bibimus
657 3143 715 3182 cunr
735 3142 765 3182 eo
780 3126 850 3197 (det.
865 3125 911 3182 444.
924 3125 970 3182 lb.
985 3124 1048 3198 44).
1099 3120 1378 3182 iactaeterucibaum
1394 3123 1475 3182 luisse
1492 3123 1637 3194 Christum,
1650 3127 1778 3184 exsteris
1791 3127 1899 3186 bitteris

244 3221 394 3296 Propterea
406 3234 515 3293 quoque
528 3217 594 3276 alibi
608 3217 731 3274 Christus
744 3207 806 3275 oum
818 3225 951 3275 mortuam
960 3215 1048 3272 susei-
1101 3225 1216 3272 constat.
1233 3216 1289 3274 lllae
1303 3218 1417 3275 enimet
1433 3217 1491 3274 haee
1505 3227 1533 3274 et
1552 3219 1597 3274 illa
1611 3229 1731 3278 narrant.
1742 3219 1819 3290 Quod
1833 3225 1855 3278 si
1870 3231 1898 3280 tu

244 3321 332 3370 tasset
354 3320 385 3366 ut
397 3309 478 3367 iidem
490 3307 592 3366 iaceret
614 3308 824 3366 resurrectionis
841 3307 900 3365 ait:
921 3306 989 3362 44444
1007 3305 1049 3362 iiii
1101 3316 1195 3366 noster
1206 3308 1376 3368 aduersarius
1390 3310 1465 3366 dieas
1483 3312 1621 3382 apostolos
1633 3313 1709 3385 siqua
1723 3328 1776 3370 non
1787 3312 1897 3387 iecisse,

245 3405 316 3478 qaod
327 3401 462 3458 4444444444
482 3397 579 3474 (liure
593 3400 621 3456 5.
634 3401 696 3473 ab).
719 3400 787 3456 Cum
806 3398 973 3472 igituraudis
985 3413 1048 3455 eum
1101 3399 1232 3472 maiorem
1246 3399 1366 3472 ipsorum
1381 3401 1503 3458 ostendis
1514 3402 1651 3474 virtutem,
1663 3414 1691 3462 et
1702 3406 1814 3477 gratiam
1827 3407 1897 3464 diri·

243 3495 393 3570 praebuisse
413 3493 532 3566 seipsum
553 3491 642 3549 riuum
656 3507 706 3564 per
728 3491 787 3547 dies
807 3490 984 3563 quadraginta
995 3487 1048 3546 illis
1100 3508 1175 3562 nam,
1185 3495 1257 3567 quod
1270 3495 1370 3567 absque
1380 3495 1464 3568 siquis
1482 3503 1585 3553 tantum
1596 3497 1689 3556 4444444
1704 3508 1835 3556 terrarum
1847 3515 1896 3572 po-

246 3594 434 3660 4444444044404444
449 3593 477 3640 04
487 3599 549 3640 00444
562 3582 615 3640 44444
628 3591 793 3648 4440004404,
808 3595 918 3638 04044444
931 3580 1047 3637 mandu-
1100 3586 1202 3644 tuerint
1226 3587 1259 3646 ad
1275 3589 1403 3661 pietatem
1417 3588 1567 3648 traducere.
1590 3590 1647 3648 4444
1659 3593 1731 3648 euim
1751 3595 1896 3651 maximum

246 3679 360 3738 0444404444
373 3691 515 3750 00400400,
531 3691 585 3731 44044
595 3673 666 3746 quod
679 3674 740 3731 0400
755 3672 883 3729 40044040
900 3672 1044 3745 4440444404,
1099 3681 1338 3740 estetiuusitutum
1348 3682 1517 3750 miraculum,
1527 3693 1896 3758 cuurpauperesatqueman.

245 3773 323 3830 rttuu
348 3772 534 3839 mamaeae,
559 3769 607 3826 seu
633 3767 705 3840 qum
730 3765 922 3837 discipulorum
942 3766 1047 3824 444444
1099 3773 1163 3843 uret,
1183 3773 1290 3846 abjecit,
1319 3773 1451 3843 rtrtuuu,
1479 3775 1607 3846 impuri,
1633 3776 1710 3848 artes,
1734 3787 1761 3834 u
1783 3793 1896 3835 numen

244 3868 327 3926 404444
340 3863 532 3934 4000040400.
548 3862 620 3922 0000
634 3860 755 3934 44400ῑὸ44
770 3868 798 3916 04
817 3860 894 3932 siqua
908 3860 1047 3931 4444044040·
1098 3865 1240 3924 duodecim
1252 3875 1292 3923 tot
1301 3866 1392 3936 urbes,
1407 3875 1511 3940 qeutes,
1526 3867 1647 3940 populos,
1657 3883 1745 3940 reges,
1757 3877 1892 3942 tyrannos,

242 3975 307 4020 rum
322 3959 404 4032 liquet
417 3957 561 4014 maximam
569 3953 775 4011 resurrectionis
787 3951 1045 4008 demonstrationem
1098 3958 1283 4032 philosophos,
1297 3968 1427 4027 oratores,
1440 3967 1562 4016 ettotam
1582 3962 1776 4033 propemodum
1797 3973 1894 4020 rernm

245 4055 391 4116 emptum.
407 4052 576 4124 0404404444
587 4048 624 4103 444
636 4046 694 4117 44440
713 4061 829 4119 (4004444,
843 4045 942 4114 dmm·
958 4061 1044 4113 044404,
1098 4051 1200 4123 absque
1212 4051 1296 4124 siquis
1309 4051 1445 4123 potuerint
1457 4050 1492 4108 ad
1503 4067 1534 4109 se
1541 4051 1709 4124 pertrahere.
1721 4057 1762 4110 An
1775 4069 1894 4112 verocu-

245 4149 304 4206 0440
317 4147 409 4214 vobit.
433 4143 484 4212 044
505 4141 584 4199 mliii
600 4141 628 4196 44
650 4156 708 4210 44444
724 4155 815 4213 044444
830 4155 888 4212 ew
899 4155 945 4212 09⁰
959 4139 1044 4211 [⁰⁶50.
1097 4142 1140 4215 pis
1162 4143 1243 4199 etiam
1258 4142 1400 4200 naucleri
1415 4142 1491 4216 signa
1512 4146 1643 4202 eernere?
1657 4144 1716 4202 Tibi
1730 4161 1780 4218 eqo
1801 4145 1845 4203 illa
1867 4155 1894 4204 et

247 4251 273 4299 et
288 4242 343 4314 ipae
353 4239 440 4314 redu,
462 4245 486 4292 st
501 4236 601 4306 majora
613 4233 705 4288 lterum
720 4232 796 4303 saciet
814 4229 904 4303 (loun.
923 4231 967 4286 44.
986 4228 1044 4304 li).
1098 4235 1201 4306 majora
1213 4235 1346 4308 prioribus
1359 4235 1508 4304 ostendum,
1524 4251 1578 4294 non
1591 4253 1673 4294 unum
1687 4249 1823 4298 mortuum
1834 4257 1893 4298 sua·

208 4377 218 4394 ·
245 4333 313 4392 44440
327 4331 453 4406 40004404
466 4344 533 4387 04444
546 4341 608 4383 0040
619 4323 818 4390 4440440444θῆ
827 4320 1045 4393 440440048040·
1098 4327 1220 4397 citatum,
1234 4343 1288 4384 non
1302 4329 1388 4386 risum
1402 4330 1449 4386 4444
1457 4344 1529 4386 cneo
1551 4331 1715 4402 restitutum,
1730 4333 1779 4389 sed
1791 4333 1894 4392 diseas·

245 4427 417 4497 dannaverat,
430 4422 532 4481 idcireo
545 4419 667 4492 pluribus
688 4416 725 4472 illi
740 4415 878 4472 miraculis
894 4429 963 4486 opus
984 4414 1043 4472 init.
1097 4435 1141 4478 sas
1153 4421 1255 4480 erroris
1262 4421 1395 4491 tenebras,
1406 4437 1464 4495 quae
1473 4430 1556 4480 totam
1568 4431 1667 4482 terram
1677 4437 1891 4496 occupaverant:

241 4517 353 4590 Alioqui
366 4515 439 4591 enim
453 4515 487 4580 si,
500 4527 563 4568 cum
575 4509 687 4565 obiisset
695 4505 828 4575 Christus,
842 4518 1043 4580 mortepraepe·
1096 4526 1151 4569 non
1165 4513 1301 4586 leprosum
1315 4529 1397 4572 unuru
1411 4516 1578 4584 mundatum,
1599 4516 1646 4574 sed
1660 4526 1818 4590 totqentes,
1832 4535 1892 4591 quae
1987 4581 1995 4594 ,

245 4610 318 4668 ditus
330 4605 484 4673 mansisset,
498 4610 527 4660 et
548 4600 682 4671 sepultus,
696 4613 784 4669 neque
795 4599 998 4670 resurrexisset,
1014 4610 1044 4658 ut
1096 4605 1200 4678 peccati
1223 4607 1326 4678 leprarn
1341 4605 1538 4676 absterserunt,
1551 4621 1583 4664 ao
1604 4623 1652 4680 per
1667 4609 1801 4666 4444444444
1816 4625 1893 4682 roae-

245 4705 323 4761 aiunt
336 4699 434 4766 iudaei,
448 4711 536 4768 neque
550 4695 578 4752 in
592 4693 688 4750 cetum
699 4691 874 4762 ascendisset,
888 4709 943 4751 non
955 4697 1043 4752 solum
1096 4699 1243 4756 uenationis
1264 4698 1400 4756 mundate
1424 4709 1495 4757 sunt.
1512 4699 1589 4767 Qtrnd
1616 4700 1723 4772 signum
1742 4701 1829 4772 malus
1850 4701 1892 4758 his

244 4797 351 4869 majora
363 4801 457 4868 postea
474 4792 533 4850 deri
548 4790 677 4849 miracula
700 4799 761 4862 post
772 4803 880 4846 erucem
892 4805 946 4848 non
959 4806 1042 4862 opor·
1096 4793 1203 4864 queris,
1221 4793 1257 4849 mi
1270 4792 1362 4862 bomo,
1377 4808 1438 4853 oum
1453 4802 1554 4850 4444444
1564 4801 1593 4852 44
1605 4803 1659 4852 tam
1672 4804 1784 4868 repente
1794 4793 1891 4856 iactam

244 4889 353 4960 ruisset,
373 4884 566 4945 verumetiam
588 4899 630 4951 ea,
645 4898 706 4955 que
731 4882 807 4956 prius
830 4882 901 4939 laeta
924 4881 1041 4954 iucraut,
1096 4885 1273 4942 mutationem
1286 4885 1453 4957 conspicias?

246 4999 317 5057 opus
328 4982 425 5040 luisset
436 4980 579 5058 4444444444.
594 4977 645 5036 iiie
656 4977 723 5034 mibi
735 4977 877 5050 diligenter
889 4979 1019 5037 attendite
1032 4996 1040 5034 :
1131 4977 1159 5034 8.
1179 4977 1245 5034 Fide
1269 4979 1324 5032 solu
1342 4978 1452 5032 44444444·
1464 4977 1544 5036 Desa.
1567 4979 1660 5038 Petras
1673 4982 1799 5054 4444444444
1807 4983 1892 5039 craci-

244 5077 403 5136 indubitatae
429 5075 527 5147 qnippe
549 5070 754 5139 resurrectionis
787 5070 1041 5128 demonstrationem
1095 5070 1259 5141 [4444444444.
1273 5097 1309 5110 -·
1322 5067 1383 5126 Viu'
1398 5078 1426 5126 tu
1440 5071 1606 5146 intelligere,
1620 5089 1675 5147 quo
1689 5074 1797 5133 tandem
1812 5086 1892 5148 pacto

244 5175 386 5249 mutirent
397 5171 527 5242 baeeqnae
538 5167 654 5227 dicimus
667 5185 675 5222 ;
688 5163 865 5238 quamobrem
878 5164 1042 5222 eademrur·
1094 5165 1182 5221 risum
1200 5163 1327 5224 uniuerso
1348 5177 1480 5225 termrum
1504 5169 1562 5226 orbi
1587 5173 1735 5230 restituerit
1747 5173 1893 5232 cluistust

133 5345 136 5352 Ι
242 5283 291 5330 sus
303 5265 425 5339 eloquar.
1093 5257 1180 5318 Antea
1195 5255 1296 5327 lignum
1314 5266 1344 5313 et
1362 5259 1477 5330 lapidem
1502 5275 1556 5318 nou
1568 5264 1757 5324 existimabant
1768 5265 1892 5324 hominos

281 5357 335 5415 Gar
346 5365 403 5431 post
415 5353 567 5411 Passionem
577 5350 702 5405 4444444444
711 5349 821 5420 nrojoro.
833 5379 868 5389 —
880 5348 962 5419 Siqua
975 5347 1042 5406 iecit
1094 5348 1195 5420 liquam
1210 5357 1238 5406 et
1256 5349 1371 5422 lapidem
1389 5365 1459 5424 esse,
1471 5369 1566 5412 rerum
1581 5373 1625 5414 res
1648 5373 1744 5416 seruus
1765 5369 1892 5432 expertes

244 5460 325 5512 autea
334 5450 468 5515 Christus,
487 5451 608 5501 mortuos
619 5442 768 5511 suscitarit,
791 5442 912 5513 leprosos
925 5440 1039 5497 munda·
1094 5439 1159 5496 deos
1174 5441 1315 5513 uocabant,
1337 5444 1406 5502 adeo
1420 5450 1546 5504 excaeati
1559 5459 1655 5508 erant:
1676 5453 1731 5524 jam
1746 5455 1891 5526 veroquid

112 5552 119 5567 ⁸
243 5548 293 5612 rit,
307 5543 443 5600 daemones
456 5536 552 5610 eiecit,
566 5533 711 5592 crneiixus
722 5541 764 5588 ost
775 5533 882 5599 deiude,
907 5540 998 5604 atque,
1012 5540 1042 5588 ut
1094 5532 1193 5606 lignum
1205 5535 1248 5603 sit,
1265 5537 1363 5608 quidne
1373 5538 1441 5611 lapis
1453 5552 1605 5612 noverunt;
1619 5544 1684 5616 quid
1696 5547 1732 5602 sit
1746 5547 1819 5604 44444
1827 5563 1890 5604 ere-

246 5639 340 5694 dicunt
352 5631 457 5690 scelesti
468 5629 563 5696 iudaei,
575 5641 629 5684 non
644 5623 791 5682 resurrexit
804 5638 819 5678 4
833 5624 956 5678 mortuis.
970 5623 1040 5692 Quid
1093 5625 1228 5684 dideruut.
1245 5627 1308 5686 Sola
1332 5633 1431 5702 quippe
1456 5631 1510 5692 ilde
1535 5635 1694 5694 immoraris
1706 5653 1739 5696 20
1751 5639 1828 5698 pem,
1844 5640 1890 5698 pq,

245 5729 330 5798 iqitur
343 5725 395 5781 illis
404 5721 540 5779 dicemus?
555 5719 614 5776 4444
624 5715 762 5783 nimirum,
774 5713 802 5772 Si
816 5731 867 5771 uon
880 5717 1037 5787 resurrexit,
1094 5713 1188 5775 natura
1208 5729 1351 5794 spectatur.
1367 5723 1449 5782 Visne
1474 5726 1546 5783 aliud
1568 5743 1673 5802 qunque
1686 5732 1891 5790 resumptoque

248 5817 385 5888 quomodo
401 5821 496 5886 postea
516 5812 545 5867 ln
560 5809 762 5878 nomineipsius
775 5808 874 5880 majora
892 5809 1037 5868 lactarunt
1094 5815 1198 5887 signum
1220 5818 1339 5876 intueril
1359 5819 1399 5877 Ex
1422 5821 1480 5894 ipsa
1493 5821 1686 5898 discipulorum
1711 5835 1889 5886 montesatu-
