4142 6342
144 290 190 345 nn
524 266 530 272 ’
729 284 775 341 or
793 280 1027 341 roentrutt'rrs.
1047 286 1161 345 nonu..
1183 291 1202 347 t.
1734 296 1803 377 tto¹

145 402 293 477 tutilone.
309 402 353 459 ta.
365 402 423 474 lt).
442 401 507 458 ideo
527 411 555 457 et
573 399 719 457 Corinthiis
737 398 801 453 dicit
817 396 873 454 :lit
892 414 941 451 raon
994 398 1039 453 sit.
1063 402 1101 455 Ac
1124 402 1184 459 ride
1205 405 1341 477 quomodo
1363 416 1487 465 accurate
1513 410 1639 483 loquutus
1662 412 1718 469 sit:
1732 429 1786 469 non

144 499 226 568 sangis
240 496 365 569 fluidis,
380 494 549 550 attolleretur
563 491 595 547 de
610 493 693 546 audio
703 501 810 546 nestram
821 490 866 562 qai
879 505 943 559 opus
993 491 1064 547 enim
1077 491 1153 557 dixit,
1175 492 1214 549 Ne
1230 498 1300 552 bunc
1312 497 1433 556 diabolus
1451 500 1566 571 perdat:
1581 502 1628 559 sed
1642 504 1728 577 quidi
1752 502 1787 561 t'ts

142 590 170 643 id
181 594 280 660 [aeret
295 587 333 659 (l.
348 586 407 642 Cor.
420 586 448 642 5.
460 583 508 659 ῆι
522 584 579 640 Non
590 584 666 649 dixit,
678 581 713 638 Et
723 599 777 671 tran
788 582 872 653 magis
883 591 942 637 stu·
993 600 1045 639 ooo
1057 586 1282 642 circumveniamur
1294 606 1312 643 a
1324 601 1413 645 aalma
1426 590 1455 663 (ἱ
1466 592 1526 649 Cor.
1539 593 1567 648 Ξ.
1585 593 1640 668 ll).
1666 595 1786 653 Circum·

142 679 240 736 duistis
256 678 325 735 :sed
338 678 423 750 qnid!
446 676 507 733 Noa
525 676 605 748 snam
616 676 735 747 penaria,
758 676 833 747 quasi
848 673 942 732 morbo
992 677 1085 734 venire
1098 688 1186 733 autem
1199 678 1243 733 lric
1254 688 1295 736 est
1311 682 1396 737 aliena
1410 686 1599 755 concupiscere
1615 706 1623 743 ς
1642 687 1787 745 ostendens

142 770 281 827 communi
295 778 324 825 et
335 779 412 841 peste
427 770 561 824 civitatem
580 765 848 838 comprehendente:
864 766 942 839 quasi
993 767 1073 839 igitur
1091 768 1177 837 ipsum
1192 770 1309 825 alienum
1322 770 1356 827 ab
1370 786 1403 828 ea
1413 773 1448 831 de
1460 782 1558 831 catera
1572 774 1688 845 lactum,
1705 786 1786 849 atque

143 863 257 929 diceret,
274 860 405 919 Oratione
418 859 794 933 opusestetconlessioneet
807 857 940 929 precibus,
993 858 1020 913 in
1046 858 1144 915 Christi
1167 874 1274 931 gregem
1302 876 1332 919 se
1357 876 1405 932 per
1428 866 1610 934 poenitentiam
1634 868 1783 936 reduxisse,

142 969 197 1025 quo
211 955 326 1010 morbus
339 969 357 1009 e
370 963 424 1009 tota
437 954 545 1009 ciuitate
563 952 686 1023 pellatur.
709 951 790 1007 Vides
813 957 941 1021 quantum
991 949 1048 1016 ait,
1063 948 1105 1005 lle
1122 950 1481 1010 circumueniamaromtono.
1506 956 1535 1012 b'i
1554 958 1625 1013 enim
1637 958 1671 1015 de
1685 967 1785 1014 caetmo

142 1046 186 1101 isis
198 1044 309 1101 timoris
322 1045 452 1099 incussit?
463 1042 530 1099 Nam
544 1042 669 1115 quoniam
681 1042 809 1111 putabant
820 1040 853 1097 ad
866 1041 940 1096 dium
991 1041 1199 1111 comprehendat
1210 1058 1289 1113 eum,
1310 1054 1430 1101 nostrum
1456 1048 1541 1119 rapiet
1564 1050 1731 1117 membrum,
1748 1050 1784 1108 do

143 1134 286 1191 dumtaxat
302 1134 457 1206 pervenisse
468 1134 566 1188 malum
580 1146 612 1187 ac
624 1130 795 1197 constitisse,
809 1130 941 1187 eossolli·
991 1147 1072 1205 grege
1099 1148 1176 1189 orem
1201 1136 1349 1207 surripiet:
1373 1152 1433 1193 nam
1462 1140 1617 1208 poenitentia
1642 1152 1782 1212 peecatum

143 1226 213 1281 citos
221 1224 324 1291 reddit,
336 1224 430 1281 dicens
443 1241 454 1290 a,
467 1222 576 1279 Nescitis
582 1222 651 1294 quod
658 1222 784 1276 modicam
791 1224 941 1294 famatum
990 1221 1123 1293 deposuit.

145 1328 222 1371 utu
240 1334 355 1371 mommo
375 1316 514 1386 corrumpit
531 1313 558 1386 (l
575 1314 634 1368 Cor.
648 1314 675 1369 5.
691 1312 740 1387 tlt
761 1312 838 1383 Quod
852 1320 940 1368 autom
1026 1315 1110 1371 iudas
1134 1316 1156 1372 si
1178 1333 1230 1373 troo
1252 1319 1426 1388 desperasset,
1450 1318 1558 1375 aoimma
1582 1331 1783 1388 consecutiam

143 1408 226 1473 deit,
241 1408 301 1465 ¹²¹0
315 1417 358 1463 &i
371 1425 378 1462 ²
393 1406 492 1461 mallim
506 1404 576 1461 ”¹¹1²
593 1402 761 1475 diffident,
783 1402 885 1474 reddiit
898 1412 940 1456 li·
991 1415 1055 1463 erut.
1079 1438 1115 1449 -
1134 1406 1228 1465 Sciens
1251 1409 1330 1481 igitur
1345 1410 1442 1467 Paulm
1457 1410 1520 1482 quid
1544 1410 1642 1467 iecerat
1663 1410 1785 1469 diabolus

145 1502 228 1571 tinget
242 1498 368 1554 membra
385 1515 393 1552 ε
411 1498 492 1553 relati
506 1496 541 1552 do
556 1494 692 1551 communi
708 1493 779 1550 maia
799 1494 942 1549 consulti·
991 1499 1078 1569 iudae,
1091 1500 1179 1556 timuit
1187 1516 1222 1558 oe
1233 1500 1276 1557 bie
1287 1501 1400 1558 locasse
1412 1502 1482 1558 idem
1493 1504 1602 1559 laceret.
1613 1502 1682 1573 Quid
1694 1513 1783 1563 autem

144 1600 201 1655 aa.
222 1589 487 1645 sollicitaturus
499 1586 586 1643 tent.
608 1585 736 1657 nequem
749 1584 815 1639 nana
829 1582 940 1651 dixeris.
991 1589 1055 1647 rnre
1068 1592 1094 1647 n
1108 1591 1193 1649 ruunt
1207 1591 1438 1651 roenrunntnnn
1452 1611 1460 1649 ι
1474 1592 1600 1662 rerem,
1617 1594 1712 1665 annia,
1729 1604 1785 1650 rn-

145 1679 216 1752 qnod
228 1680 275 1735 itte
287 1679 362 1735 sotus
385 1680 521 1750 necarit,
544 1678 592 1734 sed
609 1675 674 1733 illud
689 1674 846 1741 considera,
869 1674 940 1747 quoa
990 1682 1054 1738 tens
1075 1684 1222 1755 sunniam
1239 1691 1339 1753 jutan
1353 1682 1515 1756 (tertull.
1530 1685 1559 1757 t)
1580 1702 1587 1739 ε
1605 1685 1707 1741 anolvit
1725 1684 1785 1741 baec

147 1772 237 1827 sanias
263 1769 390 1843 quaedam
414 1778 455 1828 est
481 1778 637 1839 peceatum,
665 1768 796 1838 reliquum
819 1765 941 1835 corporis
991 1772 1072 1829 rerba
1086 1773 1217 1839 diaulus,
1232 1774 1306 1830 nouit
1319 1788 1380 1831 eam
1394 1776 1420 1831 in
1434 1776 1529 1833 melius
1540 1776 1611 1831 riam
1631 1776 1699 1831 inire
1710 1786 1738 1833 et
1748 1774 1783 1831 ad

147 1862 355 1938 &pascuosae
364 1860 446 1917 relati
457 1863 539 1917 domo
547 1861 671 1925 ardente,
681 1860 727 1933 qul
737 1857 854 1914 nondum
869 1856 941 1913 maio
990 1864 1103 1921 salutem
1119 1864 1237 1932 tendere,
1252 1867 1391 1938 timuitque
1402 1868 1586 1923 mutationem.
1603 1866 1782 1936 Clementem,
1898 1882 1901 1888 ¹

146 1952 289 2020 laeduntur,
306 1954 351 2019 iis,
367 1953 454 2026 quiin
466 1953 539 2010 malo
553 1963 625 2022 sunt,
639 1952 761 2007 molestia
774 1967 827 2007 nou
843 1948 940 2005 minori
991 1956 1086 2026 iniquit,
1098 1955 1235 2013 dominum
1247 1957 1326 2013 babet
1338 1977 1345 2013 :
1358 1959 1402 2029 qui
1416 1974 1476 2015 cnm
1488 1974 1517 2015 se
1531 1960 1674 2017 traditurus
1685 1961 1782 2029 luerat,

145 2057 316 2116 prunuatur,
331 2056 410 2117 atque
423 2046 548 2102 universa
558 2046 717 2113 conserunt,
731 2060 784 2115 qno
796 2058 831 2099 ne
843 2056 941 2115 urgeos
990 2046 1106 2117 ploravit
1125 2064 1132 2101 :
1148 2048 1228 2120 atquc
1248 2050 1333 2119 ipsum
1347 2048 1422 2105 miris
1436 2052 1590 2121 provocarit
1603 2052 1708 2119 modis;
1735 2068 1785 2108 aa·

144 2138 214 2208 ignis
225 2138 261 2194 ad
280 2138 404 2209 proprias
425 2138 531 2195 invadat
543 2137 637 2195 domos
650 2157 657 2195 ι
670 2139 709 2193 sic
723 2146 750 2193 ει
760 2138 829 2193 istos
839 2137 940 2193 Paulus
990 2154 1045 2195 uon
1064 2140 1149 2197 multo
1163 2140 1248 2213 magis
1265 2143 1439 2213 poenitentem
1453 2144 1601 2215 suscipiet?
1614 2142 1783 2201 obstinatum

144 2230 264 2297 excitat,
288 2230 383 2287 dicens
398 2247 406 2286 ι
421 2230 491 2303 l’pra
513 2230 634 2303 quaedam
659 2238 720 2298 est,
737 2222 940 2321 'preveniamus
989 2234 1207 2291 etineorrectum
1221 2234 1350 2291 allexitet
1366 2236 1488 2303 uocarit;
1504 2238 1687 2293 nonnemnlto
1699 2236 1785 2308 magis
1868 2294 1910 2321 ,g

144 2322 246 2379 malam
263 2324 485 2394 :exstinguamus
498 2324 662 2390 incendium,
676 2325 830 2395 priusquam
844 2323 934 2380 Eccle·
990 2334 1138 2381 correctum
1152 2334 1180 2381 et
1190 2334 1331 2395 peccatum
1353 2335 1541 2397 agnoscentem
1557 2326 1664 2382 trabcti
1684 2326 1785 2383 idcireo

143 2413 213 2467 dana
233 2414 360 2481 invadat3
381 2414 405 2469 si
426 2430 491 2470 uero
510 2412 661 2487 neglexeris
679 2413 941 2487 peecatum,'reluti
990 2417 1062 2473 caint
1083 2416 1287 2487 crucifigendus*
1300 2416 1381 2473 teuit.
1405 2416 1473 2489 Quid
1493 2432 1558 2489 ergo
1582 2418 1664 2474 iecitl
1690 2418 1785 2474 Exter-

144 2506 173 2559 io
184 2505 288 2561 *aliem
315 2506 448 2561 exsistens
466 2492 603 2577 corpore,
628 2504 744 2561 maxime
765 2503 873 2577 quidem
898 2504 940 2559 rel
990 2509 1044 2563 ruit
1057 2524 1118 2563 cum
1131 2517 1159 2563 et
1169 2508 1356 2565 obtenebravit
1370 2508 1493 2565 maeroris
1506 2508 1686 2579 magnitudine
1698 2548 1705 2573 ,
1718 2522 1782 2579 per·

143 2595 185 2649 sic
201 2595 282 2650 male.
309 2594 355 2650 ltlc
368 2596 439 2651 enim
460 2594 542 2652 bomo
556 2594 705 2652 taenabrum
725 2596 808 2651 totius
822 2602 864 2651 est
877 2608 940 2649 cor·
990 2606 1117 2667 sequutus
1131 2604 1182 2663 est,
1199 2597 1302 2667 impulit
1319 2596 1405 2653 donec
1416 2597 1450 2653 ad
1465 2596 1588 2669 laqueum
1602 2596 1688 2662 duait.
1703 2605 1784 2669 atqtm

142 2684 229 2754 poris.
990 2686 1145 2756 eprreseatl
1157 2686 1249 2743 eduxit
1261 2687 1334 2753 rita,
1349 2687 1565 2757 poeuinntthnc
1577 2686 1715 2757 proposito
1727 2686 1784 2757 pri·

180 2776 209 2830 3.
224 2775 325 2832 Verum
335 2786 363 2832 et
375 2776 402 2832 id
416 2777 567 2847 considera,
582 2777 654 2849 quod
669 2778 691 2832 si
705 2776 846 2849 pigritatus
858 2776 940 2834 lucris
990 2776 1071 2833 rarit.
1088 2776 1164 2843 Quod
1176 2777 1248 2833 euim
1263 2778 1286 2832 si
1301 2776 1431 2843 risisset,
1446 2786 1473 2833 ot
1493 2778 1549 2847 ipse
1562 2777 1676 2833 salutem
1686 2789 1785 2833 cause·

143 2882 179 2923 ac
190 2868 346 2937 spreveris,
367 2876 394 2925 te
407 2884 513 2941 quoque
529 2868 689 2941 quandoque
707 2867 938 2939 comprehendet:
988 2877 1121 2937 quuturos
1133 2875 1221 2935 esset,
1241 2868 1329 2939 palam
1342 2877 1384 2925 est
1396 2882 1431 2923 cx
1444 2866 1656 2925 crucitixoribus.
1672 2866 1783 2923 Sieuim

143 2974 230 3029 quare
242 2958 265 3013 si
280 2973 335 3014 nort
350 2956 457 3027 lratris,
472 2967 516 3015 tua
531 2968 620 3016 tamen
635 2974 714 3016 eausa
727 2958 863 3015 exciteris.
886 2956 940 3014 lic·
990 2958 1041 3016 laos
1054 2960 1173 3031 quicum
1188 2961 1376 3017 crucillrcrant
1388 2960 1473 3016 salute
1485 2958 1610 3025 donarit,
1630 2970 1658 3017 ct
1679 2960 1736 3031 ipse
1755 2961 1782 3016 in

143 3054 231 3123 prinae
250 3065 370 3124 postem,
386 3053 487 3109 saniem
501 3068 613 3122 coerce,
629 3052 861 3124 depopulationem
878 3066 937 3107 am·
988 3066 1069 3109 cruce
1096 3052 1229 3109 exsistens
1253 3052 1356 3125 rogarit
1384 3050 1509 3119 Patrem,
1538 3033 1783 3123 indulgentiamque

144 3154 220 3215 puta.
232 3146 297 3202 ilaec
309 3154 338 3201 et
352 3145 394 3200 lais
404 3146 480 3217 plura
492 3144 593 3213 dicens,
607 3154 635 3201 et
646 3144 775 3201 mandans
784 3143 851 3199 tradi
864 3142 938 3198 illum
989 3150 1070 3198 tantae
1093 3142 1211 3198 audaciae
1228 3142 1372 3213 postularit
1392 3160 1400 3198 ε
1420 3150 1525 3199 coastat
1551 3142 1622 3215 quod
1646 3151 1674 3199 ct
1695 3142 1782 3215 ipsum

142 3246 256 3303 satanae,
270 3236 388 3308 denique
399 3237 503 3308 inquit,
514 3234 896 3311 quandoquidemconrersus,
911 3244 939 3291 et
988 3236 1151 3309 proditorem
1169 3233 1249 3306 digne
1268 3238 1441 3307 ptcaiwntcm
1462 3249 1523 3290 cum
1540 3234 1613 3291 omni
1628 3244 1781 3291 mausuetu-

143 3328 241 3383 melior
253 3328 340 3384 lactus
352 3336 413 3383 est:
429 3328 501 3384 Satis
517 3329 575 3384 laic
585 3344 615 3383 eo
628 3328 678 3398 {ait
690 3326 861 3398 otjmpatioo
878 3324 938 3394 pla·
987 3328 1052 3385 dine
1075 3329 1255 3399 suscepisset,-
1279 3328 1327 3383 sed
1349 3328 1394 3383 ille
1414 3324 1440 3381 ln
1464 3326 1584 3383 remedio
1598 3340 1707 3383 manere
1728 3338 1782 3381 oon

142 3418 213 3473 ntus
226 3435 236 3474 ε
250 3418 401 3487 εεηρνειειε
420 3418 498 3491 igitar
514 3418 541 3472 in
559 3434 615 3473 earn
635 3416 764 3471 toritatem
778 3416 817 3489 (2.
835 3414 895 3471 Cor.
907 3414 935 3471 Ξ.
988 3418 1065 3483 tulit,
1089 3432 1205 3473 moerorc
1225 3418 1307 3473 nimio
1319 3416 1471 3487 absorptus.
1501 3414 1527 3471 ld
1553 3415 1631 3486 igitur
1645 3422 1673 3471 et
1684 3412 1782 3471 Paulus

142 3508 181 3581 8).
194 3509 341 3579 Postquam
354 3508 425 3564 enim
441 3522 501 3565 eum
518 3522 687 3564 communem
700 3508 838 3563 inimicum
852 3516 878 3563 ct
890 3505 938 3561 ad·
988 3512 1106 3577 timens,
1132 3509 1285 3573 Corinthios
1310 3508 1470 3565 sollicitabat
1496 3508 1601 3579 eripere
1621 3520 1637 3560 a
1660 3504 1782 3561 lancibus

142 3602 293 3657 versarium
311 3600 406 3657 statuit
420 3600 551 3656 uniuersis
563 3609 591 3655 et
603 3614 618 3655 a
632 3614 713 3670 grege
729 3600 842 3655 exclusit
857 3606 938 3669 atque
986 3599 1086 3656 diaboii
1102 3602 1248 3656 bominem.
1272 3600 1305 3655 lit
1317 3598 1380 3671 quid
1392 3614 1461 3670 opus
1474 3606 1516 3655 est
1530 3597 1564 3653 de
1582 3596 1726 3653 Corinthiis
1739 3594 1781 3650 di·

143 3709 158 3745 a
176 3706 293 3763 corpure
314 3692 429 3759 recidit,
443 3691 502 3748 ride
514 3701 614 3763 quanto
624 3692 652 3746 itt
664 3706 726 3747 eum
740 3691 823 3747 utitur
836 3690 936 3758 studio,
986 3696 1069 3749 cerel
1089 3692 1184 3749 Petrus
1198 3692 1269 3749 cuim
1285 3702 1345 3763 post
1358 3690 1545 3763 mysteriorum
1564 3687 1779 3744 communionem

144 3792 173 3837 ut
192 3798 254 3837 eum
277 3797 372 3838 mrsus
392 3780 535 3853 conjungat
554 3791 582 3838 ct
603 3789 736 3837 annectat
764 3780 822 3837 lion
845 3780 936 3849 modo,
987 3794 1029 3841 ter
1042 3796 1138 3856 negat,
1162 3793 1190 3842 et
1210 3785 1318 3855 plorans
1330 3781 1429 3839 delevit
1443 3782 1531 3837 omnia
1549 3778 1671 3853 :fll‘auius
1685 3790 1778 3847 perse·

144 3876 239 3930 lmate
252 3890 334 3942 eum,
354 3873 444 3929 dixit:
461 3874 525 3943 sed,
540 3872 694 3943 Conprmotc
705 3890 782 3945 saper
799 3890 856 3930 eam
868 3873 937 3929 cori·
986 3885 1103 3948 quutnr,
1128 3875 1300 3945 blasphemus
1312 3882 1340 3930 et
1361 3864 1589 3937 contumeliosus,
1615 3882 1667 3923 nort
1689 3864 1778 3923 cruci·

145 3972 239 4034 tum,
253 3965 345 4033 idest,
359 3962 463 4019 innam
478 3972 506 4019 et
517 3964 680 4021 immobilem
694 3964 937 4022 incomostendite
986 3968 1069 4023 lixum
1082 3967 1179 4033 modo,
1195 3964 1243 4021 sed
1257 3966 1327 4021 illius
1346 3965 1485 4019 uniuersos
1504 3973 1678 4031 persequens,
1695 3958 1781 4027 poeni-

150 4055 312 4123 amicitiam,
336 4055 469 4111 calentem
492 4056 634 4126 quamdam
658 4066 687 4112 et
710 4056 837 4112 lervldam
857 4066 938 4128 atque
987 4058 1070 4113 tentia
1096 4056 1211 4121 ductus,
1237 4055 1374 4124 apostolus
1396 4052 1521 4109 eldcitnr.
1551 4048 1643 4105 Solum
1666 4062 1681 4103 a
1703 4046 1780 4103 nobis
1883 4100 1891 4117 ,

147 4147 253 4219 ignitam
266 4164 275 4201 ι
288 4145 492 4217 aequivalentem
508 4148 588 4219 priori
604 4146 749 4204 inimicitiae
763 4146 935 4203 dilectionem
988 4146 1059 4203 deus
1071 4147 1237 4203 occasionem
1249 4144 1290 4201 rel
1303 4158 1411 4215 parram
1423 4140 1545 4215 requirit,
1567 4148 1646 4211 atque
1656 4142 1779 4195 universa

147 4240 249 4296 interte.
260 4238 329 4307 Quid
339 4239 439 4294 lactum
449 4247 499 4309 cst,
510 4238 622 4313 quaeso?
636 4252 725 4296 nonne
736 4238 865 4295 tradidisti
875 4254 937 4295 eum
986 4238 1097 4296 dimittit
1110 4236 1188 4293 nobis
1199 4246 1319 4307 peccata.
1346 4234 1435 4290 [ticam
1447 4232 1522 4289 robis
1535 4241 1563 4290 et
1576 4228 1728 4304 parabolam
1740 4228 1780 4284 id·

147 4331 263 4389 sataoaei
281 4331 332 4402 lta,
346 4331 443 4403 inquit,
457 4331 504 4389 sed
523 4349 575 4390 non
588 4348 642 4406 quo
656 4332 684 4388 in
698 4332 822 4389 manibus
833 4339 934 4389 munao
986 4328 1075 4399 ipsum
1088 4326 1300 4383 sundrmantem.

147 4433 319 4491 pennaoeat,
342 4422 389 4479 scd
404 4433 433 4479 ut
446 4426 480 4482 ab
493 4424 550 4498 ejus
571 4424 713 4499 tyrannide
730 4428 784 4482 cito
797 4426 936 4482 liberetur.
1001 4476 1006 4487 ,
1022 4422 1050 4476 l.
1059 4422 1116 4476 bno
1126 4418 1233 4492 quidam
1242 4428 1319 4476 erant
1328 4418 1434 4485 [iiim.
1446 4424 1608 4489 paternaque
1617 4413 1699 4469 diuisa
1712 4412 1778 4469 ⁵⁰¹³·

148 4512 180 4568 Et
198 4514 426 4586 quemadmodum
452 4514 527 4585 absi,
549 4516 690 4573 considera
714 4532 794 4588 quam
818 4516 936 4573 timuerit
986 4512 1096 4579 stantia,
1113 4512 1209 4567 borum
1224 4526 1294 4567 unus
1311 4508 1418 4581 quidem
1432 4507 1505 4564 dumi
1528 4505 1636 4568 martsit,
1651 4504 1780 4559 alterau-

146 4605 358 4675 desperationem
392 4606 489 4662 Paulns
524 4615 659 4679 tamquam
685 4622 808 4680 magnam
835 4606 935 4663 diaboli
987 4617 1041 4664 tem
1062 4614 1156 4663 cuncta
1180 4620 1240 4677 qnae
1263 4606 1439 4669 obverterent,
1459 4600 1618 4665 comedens·
1635 4598 1718 4669 iiiiii
1731 4610 1779 4651 0¹·

146 4706 308 4752 armaturam
330 4710 415 4753 :cum
436 4697 547 4754 dixisset
569 4700 662 4754 mim:
685 4698 839 4769 donfimtate
860 4714 936 4769 saper
986 4700 1068 4765 torris
1088 4700 1173 4756 lactrts
1195 4707 1263 4764 erat,
1287 4696 1448 4767 paupertatis
1466 4709 1519 4750 noo
1542 4691 1631 4747 ferens
1650 4689 1778 4761 pudorem

145 4804 199 4840 eunt
210 4790 361 4854 recitator:
371 4796 398 4845 et
409 4802 516 4844 causam
527 4788 616 4857 addit,
629 4788 672 4846 Ne
683 4794 748 4864 sorte
766 4792 845 4847 niuniu
857 4790 936 4847 tricti-
987 4790 1063 4863 (bac.
1078 4792 1121 4846 t5.
1136 4790 1178 4845 ll.
1191 4788 1257 4862 rqql.
1269 4788 1343 4843 lianc
1352 4796 1442 4843 autem
1454 4784 1608 4857 parabolam
1623 4784 1649 4838 in
1661 4781 1778 4837 medium

145 4878 179 4931 tio
188 4878 353 4935 absorbeatur
360 4879 405 4950 qui
416 4889 453 4934 eat
466 4880 589 4950 quinarii
601 4880 654 4953 (lt.
669 4898 694 4937 a.
710 4882 749 4953 l).
766 4882 797 4938 ln
810 4882 864 4953 lupi
879 4885 936 4940 lau·
986 4885 1086 4942 idcirco
1104 4883 1211 4955 protuli,
1226 4897 1280 4955 quo
1299 4880 1389 4937 sciatis
1407 4888 1435 4936 ct
1455 4886 1625 4951 peccatorum
1644 4890 1703 4946 quae
1718 4880 1779 4944 post

145 4968 218 5024 cibus
240 4979 283 5026 est
305 4969 364 5027 oris
385 4988 392 5025 ε
412 4972 605 5042 preveniamus
630 4972 724 5044 lgitm,
748 4974 936 5047 preripiamas
986 4976 1117 5045 baptisma
1131 4974 1336 5041 contrabuntur,
1356 4970 1542 5029 remissionem
1555 4982 1633 5033 esse,
1650 4967 1673 5021 si
1692 4971 1778 5017 atten-

146 5067 286 5131 antequarn
302 5060 444 5117 absorbeat
464 5074 512 5119 aut
533 5073 689 5135 corrumpat
711 5075 831 5123 nostrum
851 5084 936 5127 meot-
985 5063 1175 5123 damus:dico
1194 5073 1350 5119 autemnon
1372 5062 1410 5119 uti
1422 5060 1456 5117 ad
1469 5061 1591 5117 inertiam
1604 5054 1778 5125 compellam.

145 5148 232 5203 trum
254 5150 422 5209 Periclitatur
442 5154 516 5210 naris
530 5171 537 5209 :
553 5156 707 5227 priusquam
719 5158 864 5226 obruatur,
879 5160 934 5216 eri·
985 5157 1032 5214 sed
1044 5164 1096 5217 ota
1107 5155 1294 5227 desperatione
1307 5168 1451 5213 revocem:
1466 5166 1527 5208 uam
1537 5146 1686 5221 desperatio
1697 5158 1778 5215 quana

146 5240 355 5313 pereaaulragio
363 5244 526 5301 studeamus.
541 5246 769 5314 Quemadmodum
783 5250 855 5305 enim
866 5250 935 5307 mari
986 5249 1082 5304 inertia
1104 5248 1206 5321 majora
1229 5247 1306 5305 nobis
1323 5246 1426 5303 eoolcrt
1443 5243 1522 5299 mala.
1539 5240 1588 5297 llio
1607 5239 1687 5309 igitur
1708 5235 1780 5293 lilius

145 5345 204 5388 sese
218 5331 371 5390 tollenteet
384 5334 508 5393 doctibru
529 5352 613 5407 usquc
632 5337 667 5393 ad
687 5354 820 5395 summum
833 5356 864 5397 sc
876 5341 934 5397 ele-
984 5352 1090 5407 eornm,
1104 5340 1148 5411 qui
1163 5350 1223 5411 post
1236 5338 1367 5411 baptisma
1384 5336 1452 5407 lapsi
1471 5342 1543 5398 sunt,
1559 5330 1701 5401 imaginem
1720 5340 1775 5399 prat

145 5422 287 5491 rsatibos,
308 5426 406 5496 scapha
419 5426 583 5500 demergitur
598 5446 606 5484 ε
619 5428 660 5485 sie
672 5438 701 5486 et
711 5431 799 5485 anima
818 5431 935 5503 undique
985 5446 1016 5488 sc
1028 5432 1095 5499 lert;
1112 5446 1159 5489 eos
1171 5430 1243 5487 enim
1257 5433 1302 5503 qni
1316 5426 1548 5501 postbaptismum
1563 5420 1629 5495 lapsi
1642 5429 1704 5480 suot
1715 5425 1777 5479 etim

145 5530 263 5573 moerore
275 5517 777 5593 cimumdatajreiocitsrsudocatur,
800 5527 829 5581 ni
842 5541 935 5597 quem
985 5525 1137 5597 signiticare
1159 5523 1363 5587 hincmarus,
1387 5519 1458 5591 qnod
1482 5516 1553 5573 llius
1573 5514 1697 5571 dicatur:
1714 5526 1778 5570 nam

146 5610 215 5678 priam
227 5610 352 5668 babuerit
360 5613 405 5684 qui
419 5628 527 5673 manum
539 5616 673 5688 porrigat:
691 5625 719 5674 ει
734 5632 796 5689 quac
810 5619 935 5676 mlutaris
986 5627 1062 5675 extra
1077 5618 1238 5689 baptismum
1256 5630 1336 5671 nemo
1356 5612 1402 5669 tliil
1415 5610 1596 5683 appellatione
1614 5608 1778 5687 nominatur.

148 5698 172 5751 in
185 5698 302 5770 ptuca'tit
314 5710 356 5761 ost
369 5704 512 5773 mostitia,
533 5706 644 5764 exitialis
664 5716 706 5765 est
724 5708 747 5764 si
760 5706 933 5769 immoderata
986 5710 1137 5767 udomttua
1151 5708 1317 5765 babitarent
1327 5714 1475 5776 paternam,
1487 5711 1514 5758 ct
1522 5711 1659 5775 paternam
1669 5710 1776 5757 omrreut
1847 5708 1849 5713 '
