4142 6342
248 379 300 434 tri
591 373 619 429 S.
638 369 776 427 1(thle
791 361 1028 423 uttursosrout
1049 359 1207 415 hilllllll'l'.
1228 359 1492 417 cuusraurtuor.
1757 321 1762 334 .
1823 364 1877 420 tls

249 505 337 562 neqrm
357 488 430 544 enim
444 484 607 542 descendere
624 483 743 538 licuisset
756 480 875 545 iniurius,
890 493 969 548 noram
983 490 1038 545 niro
1128 474 1154 527 d.
1178 472 1363 528 Verumtamen
1377 487 1426 527 rius
1435 469 1530 541 stupidi
1540 473 1738 543 arnueingran,
1750 473 1882 546 insipieu-

249 578 424 638 descenderat
438 577 528 641 homo,
543 587 630 643 neque
640 572 783 627 ascendere
796 569 945 633 sublimius,
958 581 1037 638 quam
1093 571 1143 626 tes,
1155 572 1180 616 et
1193 563 1324 630 lapidibus
1345 561 1410 631 ipsis
1431 559 1650 630 insensibilium,
1660 563 1705 632 oui
1720 563 1822 620 curetis
1841 569 1882 622 iu-

190 679 195 688 '
250 685 304 740 qrrn
319 684 381 724 enm
403 681 494 721 rursus
516 671 642 720 erexerat
663 662 795 717 Christus.
816 662 903 729 Atque
914 659 965 713 ista
979 671 1040 727 per-
1091 651 1203 708 leriores
1221 668 1347 722 cramus,
1369 653 1542 722 abjectissimi
1562 662 1643 724 atque
1668 655 1790 711 uilissimi
1806 675 1812 708 :
1829 675 1884 728 qun

250 761 341 829 spicue
361 757 459 813 Paulus
472 755 595 810 dicebat:
611 752 662 818 Qut
681 750 818 816 descendit,
837 749 892 820 ipse
910 758 946 802 ert
958 748 1002 818 otri
1015 756 1040 800 et
1093 753 1170 814 paeto
1195 745 1281 800 dicatu
1297 745 1347 818 (n),
1367 753 1413 799 aut
1438 745 1502 815 qnid
1522 744 1642 816 eloquar,
1656 749 1791 816 quomodo
1814 751 1883 806 istud

187 905 192 912 ,
250 850 363 903 uoeendit
375 845 520 917 (Epium-i.
530 843 584 914 10).
596 840 852 913 Etouodeseendir?
864 837 899 893 ln
909 839 1040 910 inferiores
1071 906 1073 910 .
1093 838 1203 892 verbum
1228 837 1358 893 ederam?
1373 838 1505 894 vilissime
1518 838 1563 892 illa
1581 847 1673 893 ausim
1697 849 1810 908 satura,
1824 857 1884 912 oue

252 949 336 1008 parrer
354 946 428 990 terre
449 933 504 1005 (ll.
518 949 544 988 o.
558 933 587 1005 9)
599 949 607 998 ;
621 933 740 988 ascendit
751 940 839 986 autern
854 943 933 1000 supra
947 941 1041 983 omnes
1091 927 1195 980 cunctis
1208 927 1375 997 insipientior
1386 937 1452 993 erat,
1461 929 1565 984 eunctis
1578 935 1620 984 esi
1630 928 1709 984 hodie
1719 929 1789 986 iacta
1803 934 1886 988 subli-

251 1028 343 1081 oeelns.
358 1025 506 1094 iliscequis
516 1023 676 1085 ascenderit,
686 1032 714 1076 et
727 1020 877 1090 cujusmodi
890 1028 1041 1081 narum.·ae
1092 1019 1171 1071 miur.
1185 1018 1269 1076 lindie
1286 1031 1475 1088 recuperarunt
1494 1019 1591 1089 angeli,
1605 1019 1675 1090 quud
1697 1021 1797 1076 dudum
1812 1023 1885 1078 desi·

251 1114 474 1184 qrrnraadmodnm
494 1121 573 1168 aritea
594 1127 653 1168 sese
676 1112 808 1166 haberet:
833 1109 948 1165 libenter
967 1108 1041 1162 euim
1092 1107 1274 1164 derarcraut:
1290 1109 1370 1164 bodie
1389 1121 1550 1178 aspexerunt
1566 1111 1817 1182 arctrangeli,quod
1840 1113 1887 1168 diu

250 1220 346 1260 versor
357 1205 428 1260 circa
443 1205 574 1259 vilitatem
586 1203 692 1274 generis
702 1203 798 1265 nostri,
818 1211 850 1256 ut
867 1199 1043 1257 exedlwius
1093 1198 1391 1269 concupierantzhudie
1398 1209 1647 1255 annuntiaturae
1656 1201 1796 1257 detlrrm
1804 1205 1888 1274 regali

252 1296 392 1361 horrorem,
406 1296 451 1366 qni
465 1311 481 1350 a
497 1296 659 1365 bniissnirate
673 1294 776 1348 bustim
790 1292 823 1347 ad
835 1308 885 1346 nos
896 1292 1040 1358 derivaret,
1093 1287 1204 1359 irrigaris
1219 1291 1302 1345 instar
1315 1292 1531 1360 resplendentem
1538 1292 1626 1362 gloria
1646 1301 1674 1346 er
1692 1291 1888 1376 murtiae

252 1386 413 1454 perdiscere.
426 1385 509 1441 rem
520 1395 549 1441 et
567 1386 636 1440 nnis
654 1399 761 1440 emmas
782 1397 830 1438 nos
843 1401 850 1438 ι
863 1383 910 1439 sed
924 1383 1041 1438 nonduin
1092 1381 1237 1436 immortali
1251 1382 1385 1438 uiderunt.
1399 1381 1427 1438 ld
1438 1383 1508 1437 enim
1524 1385 1607 1438 nutrito
1622 1391 1685 1439 ante
1699 1384 1887 1440 desiderabant

224 1537 229 1541 ⁸
253 1475 415 1545 boscurta:
428 1477 613 1531 namrreeuim
632 1476 770 1529 irrlrrmitas
786 1483 854 1529 erat.
873 1473 1042 1529 irrationabi·
1093 1472 1233 1542 angelici
1252 1474 1475 1542 concupiscebant
1489 1473 1658 1544 archangeli.
1673 1473 1738 1528 h'arn
1757 1475 1818 1530 licet
1839 1489 1887 1530 eus

253 1565 324 1619 libus
335 1566 395 1620 iacti
408 1580 502 1621 murus
513 1565 710 1634 insipientiores
727 1583 734 1620 :
747 1563 914 1633 uonrpnrnn
923 1573 959 1616 est
970 1564 1042 1618 enirn
1095 1572 1187 1617 nuttrra
1199 1563 1313 1617 hrrnraua
1325 1577 1455 1618 concesso
1467 1564 1517 1618 sibi
1531 1564 1633 1620 liunure
1646 1577 1801 1634 superaret,
1817 1573 1886 1619 atta·

252 1655 371 1724 intrarentin
392 1656 565 1726 insipientibus
581 1655 667 1718 horrto,
689 1664 713 1708 et
730 1655 819 1708 similis
839 1657 921 1724 sactae
942 1661 978 1706 eat
989 1651 1043 1705 iliis
1095 1669 1155 1708 nien
1167 1653 1201 1709 de
1211 1655 1287 1709 honis
1300 1655 1398 1709 sinistris
1413 1655 1580 1725 gaudebant:
1595 1671 1657 1709 iram
1670 1665 1697 1711 et
1707 1657 1812 1727 otiando
1824 1671 1886 1712 cru·

252 1746 339 1815 tPrnl.
364 1746 410 1800 ld.
431 1746 492 1816 it).
520 1746 705 1800 Animantibus
719 1754 826 1799 uautem
847 1742 1043 1800 irrationalibus
1095 1745 1242 1810 elabamur,
1268 1745 1411 1810 dolebant:
1429 1756 1456 1800 ct
1475 1745 1537 1801 lieet
1552 1747 1696 1802 Cherubim
1722 1749 1896 1804 custodirent

247 1836 310 1889 lieri
325 1834 487 1889 similishuc
499 1845 541 1888 est
561 1833 678 1888 deterior
692 1833 754 1889 illis.
774 1832 910 1902 Siquidem
933 1831 1043 1886 rationis
1094 1836 1265 1906 paradisum,
1280 1837 1598 1894 ricemtarnennnstram
1621 1839 1756 1896 dolebant.
1773 1841 1889 1899 Etsieut

253 1937 389 1994 expertem
399 1939 459 1980 esse
470 1936 576 1992 natura,
585 1934 614 1978 ct
623 1925 664 1979 sic
674 1925 841 1994 permanere,
855 1921 976 1978 naturale
987 1930 1042 1977 esta
1096 1928 1227 1993 mirrister,
1238 1941 1396 1984 conservum
1412 1943 1446 1984 ex
1468 1930 1591 1985 arandara
1612 1930 1713 1986 donini
1733 1931 1887 2002 apprehen-

253 2016 302 2069 sed
316 2023 405 2068 nrurrte
418 2028 451 2069 ac
469 2013 572 2068 ratione
585 2023 695 2068 onratos
715 2013 742 2066 lu
757 2013 828 2067 illam
842 2013 983 2066 amentiam
996 2011 1045 2065 de·
1099 2032 1158 2072 sum
1169 2028 1198 2073 et
1209 2020 1310 2074 carceri
1320 2021 1457 2085 traditum,
1471 2020 1588 2075 custodit
1607 2021 1731 2092 qrridem,
1744 2025 1888 2078 commise-

253 2107 318 2173 iahi,
340 2107 483 2160 uoluntatis
505 2116 547 2160 est
567 2106 653 2174 eulpa.
670 2105 760 2174 haque
773 2119 834 2158 coru
846 2103 962 2157 audieris
971 2101 1044 2172 quod
1097 2108 1199 2163 ratione
1210 2119 1297 2164 tamen
1307 2111 1428 2165 conservi
1439 2111 1544 2174 uncins,
1554 2114 1634 2182 super
1646 2112 1690 2166 illu
1700 2113 1770 2184 quod
1781 2113 1887 2180 accidit,

253 2198 347 2250 similis
360 2195 445 2250 ianus
456 2198 491 2250 sit
504 2196 614 2250 rationis
625 2194 789 2264 expertibus,
802 2208 835 2247 ne
848 2193 984 2247 arbitreris
994 2193 1046 2246 hoc
1096 2196 1169 2252 dolet
1180 2206 1208 2253 ct
1222 2198 1327 2268 angitur
1342 2215 1348 2252 :
1366 2200 1401 2253 ita
1419 2208 1447 2254 et
1468 2200 1611 2255 Cherubim
1638 2215 1809 2272 susceperant
1829 2205 1888 2274 qui·

253 2288 353 2351 dicem,
376 2295 406 2340 ut
424 2288 548 2342 mteadst
569 2286 691 2341 homiues
703 2299 763 2340 esse
784 2285 878 2340 belluis
892 2299 979 2355 pares,
996 2283 1045 2337 sed
1096 2287 1156 2343 rtem
1170 2289 1372 2344 custodiendum
1395 2291 1557 2360 paradisum,
1573 2307 1604 2346 au
1617 2293 1650 2348 de
1669 2295 1788 2349 custodia
1813 2296 1889 2350 dole·

254 2376 307 2430 illis
319 2376 423 2446 pejores
441 2377 583 2432 usterrdere
604 2376 731 2431 noluisse.
756 2375 859 2430 Eterrim
873 2375 983 2429 radonis
995 2389 1044 2429 ex·
1098 2378 1170 2433 luant.
1184 2380 1217 2434 Et
1230 2388 1258 2435 nt
1270 2380 1355 2436 diseas
1370 2383 1440 2450 ntrud
1456 2382 1599 2449 doluerint,
1612 2383 1646 2439 ab
1657 2385 1811 2440 horninibus
1824 2387 1889 2441 illud

253 2470 374 2538 pertibus
393 2468 527 2523 cresimus
548 2468 652 2538 pejores
673 2477 700 2522 et
713 2467 868 2522 insulsiores
881 2483 888 2520 ι
902 2480 955 2520 nou
973 2464 1045 2535 quud
1100 2469 1148 2523 tibi
1163 2471 1331 2540 perspicuum
1344 2472 1464 2526 reddam.
1480 2472 1674 2539 Quandoeoirn
1691 2476 1812 2532 hurnines
1825 2492 1890 2531 errr-

255 2568 283 2613 ιιι
298 2560 419 2613 trornines
431 2559 494 2614 illuc
507 2558 607 2629 delapsi
621 2559 715 2623 simus,
727 2567 757 2612 at
769 2557 838 2627 quod
848 2558 929 2612 etiam
942 2557 976 2610 ad
989 2571 1046 2610 ma-
1098 2561 1183 2615 servis
1196 2561 1311 2629 compati
1323 2561 1396 2616 rides
1406 2602 1414 2624 ,
1426 2561 1481 2628 jam
1497 2575 1549 2617 nun
1563 2565 1676 2634 amplius
1691 2565 1828 2620 dubitandi
1844 2567 1889 2621 tihi

253 2649 338 2719 iorem
358 2649 572 2719 iugratitudinem
593 2648 796 2718 prosilierirnus.
820 2647 854 2701 Et
875 2648 926 2702 hoc
942 2646 1045 2718 parcia-
1102 2649 1177 2704 loeus
1192 2650 1349 2721 relinquitur
1361 2650 1395 2706 de
1408 2651 1551 2707 Cherehim
1563 2669 1571 2706 r
1584 2654 1668 2708 raulto
1681 2655 1751 2709 euim
1764 2664 1826 2710 sarrit
1838 2655 1891 2712 illae

254 2739 327 2795 ciens
341 2740 423 2795 lsaias
433 2737 686 2809 dicebatzllupirouit
699 2739 743 2793 hos
752 2755 917 2810 ponessmnn
928 2756 1011 2804 annm,
1022 2749 1046 2793 et
1100 2748 1244 2810 potestates
1282 2737 1489 2810 indulgentiores
1521 2742 1684 2798 horninibus
1711 2745 1777 2813 Quis
1811 2747 1891 2816 igitur

254 2832 341 2886 ιιὶιιιιι
358 2846 469 2902 presepe
484 2830 580 2885 domini
598 2832 657 2896 aui,·
675 2829 759 2885 lsrael
776 2840 859 2884 antem
877 2847 917 2884 me
930 2847 981 2883 non
1001 2846 1047 2884 co·
1097 2832 1230 2900 justorum
1246 2831 1402 2896 condoluit,
1419 2847 1478 2886 enm
1492 2831 1563 2902 juste
1574 2835 1733 2902 punirentur
1751 2837 1890 2903 horruisses,

255 2921 430 2994 prontllrol.
442 2923 468 2976 1.
481 2921 521 2993 5).
541 2921 674 2977 Caeterum
694 2937 748 2976 aron
761 2922 954 2975 confundamur
966 2935 1047 2990 supter
1099 2923 1180 2978 etiam
1193 2932 1255 2992 post
1264 2933 1387 2977 sexcenta
1403 2923 1535 2993 peceatal
1560 2923 1615 2978 lloc
1627 2926 1698 2978 eninr
1716 2935 1757 2980 est
1776 2927 1891 2982 admira·

257 3013 408 3083 prioribus:
424 3012 558 3068 uerenini
572 3012 707 3068 duumuir
717 3012 847 3076 delictam,
861 3013 1048 3081 anpernbnnda·
1099 3015 1172 3070 tione
1182 3014 1376 3085 dignissimum,
1386 3015 1457 3084 qarod
1467 3031 1526 3072 crura
1540 3015 1646 3070 illorum
1658 3017 1758 3072 scelera
1770 3031 1890 3088 nument,

255 3109 290 3158 ait
304 3115 328 3159 et
347 3104 529 3176 parielibus.
543 3105 571 3160 5.
583 3104 643 3175 2⁰).
663 3103 756 3158 Vidisti
775 3104 908 3173 quomodo
921 3103 1048 3172 inruentis
1100 3105 1368 3178 atqueiutelligerent
1381 3107 1441 3159 illus
1456 3105 1482 3159 iu
1499 3107 1638 3160 llorninum
1653 3107 1892 3172 silandensium

256 3195 452 3266 insipientiores
473 3211 599 3252 cramus:
613 3197 689 3265 cupis
709 3204 737 3250 et
750 3195 899 3250 volucribus
920 3195 985 3264 ipsis
999 3209 1048 3250 rius
1102 3207 1189 3251 tamen
1214 3213 1244 3252 re
1262 3197 1381 3250 dolorem
1395 3197 1485 3252 arrinro
1510 3199 1658 3265 capiebant.
1673 3197 1770 3269 Utique
1789 3199 1892 3273 hirryses

258 3286 494 3342 irrationabiliores
509 3287 648 3357 aspicere?
662 3285 767 3354 luitur,
784 3295 807 3340 et
819 3286 939 3350 hirundo,
953 3295 977 3339 et
989 3302 1049 3355 pea-
1099 3297 1161 3357 post
1175 3287 1261 3357 populi
1278 3287 1452 3341 idololatriam
1463 3288 1568 3344 dicebat
1583 3306 1590 3340 ι
1607 3289 1657 3342 dut
1671 3290 1813 3344 dirrritten's
1825 3294 1891 3346 hanc

257 3392 324 3431 rerer
336 3378 391 3448 apri
410 3389 579 3447 coposuerunt
598 3387 697 3447 tenipus
718 3377 839 3431 aduentus
862 3377 922 3431 rati:
940 3377 1049 3447 populns
1101 3394 1193 3431 tronum
1205 3392 1214 3431 :
1228 3379 1267 3431 rin
1282 3393 1355 3444 uero,
1375 3376 1430 3430 dele
1444 3377 1519 3430 eriam
1537 3395 1577 3432 nie
1595 3381 1626 3432 de
1646 3380 1721 3445 libre,
1732 3397 1806 3450 ptem
1827 3383 1893 3434 scri-

257 3479 342 3522 nutem
362 3483 432 3522 meus
452 3483 503 3521 non
522 3470 638 3538 copnnnit
656 3469 758 3538 judicia
780 3485 836 3522 men
855 3467 924 3540 (ier.
947 3469 974 3523 8.
996 3470 1048 3540 Ἰ).
1102 3468 1173 3538 prieti
1188 3465 1284 3537 (idacii.
1299 3467 1343 3522 32.
1358 3467 1478 3538 5151).
1493 3468 1560 3535 Quid
1579 3469 1629 3523 sibi
1644 3471 1697 3524 vnit
1718 3471 1805 3525 isrud?
1819 3472 1894 3526 rides

259 3557 329 3613 Eece
350 3568 379 3613 et
400 3559 482 3613 asinis
500 3567 529 3614 et
551 3559 646 3626 bobus,
659 3544 933 3625 eeeuetrolucribrrs,
947 3570 1050 3615 turture
1103 3559 1264 3628 irnpierntum
1285 3559 1433 3625 homiuum,
1447 3567 1474 3614 et
1496 3560 1601 3613 illorum
1622 3559 1697 3615 doles
1714 3559 1895 3617 aidietiunesl

258 3658 338 3719 atque
360 3649 501 3705 hirundine
522 3665 572 3705 nos
592 3651 788 3719 insipientiores
813 3651 987 3706 ostendimur.
1004 3651 1050 3706 Vis
1103 3651 1379 3720 Propterea,inqait,
1399 3650 1487 3714 doleo,
1501 3653 1638 3720 turrr'qnia
1663 3654 1817 3722 puniuntur,
1838 3663 1893 3707 turn

261 3739 364 3793 discere
387 3750 413 3794 et
435 3739 515 3793 aliani
530 3749 647 3793 nostram
662 3739 859 3807 insipientiam?
873 3739 913 3793 hd
927 3739 1051 3794 inrrnieas
1103 3743 1164 3811 qrria
1174 3743 1261 3811 justas
1274 3745 1393 3811 errabunt
1406 3757 1461 3796 suae
1480 3743 1625 3812 punitionis
1641 3759 1747 3798 causas.
1771 3743 1894 3800 Ezechiel

229 3894 233 3902 ,
261 3829 885 3900 dinomenesutabiisdiscamns,reruittir;ita
903 3828 1051 3884 naturalem
1104 3849 1208 3902 rprrrrquc
1228 3835 1360 3903 aspiciens
1387 3834 1509 3903 arrgclom
1535 3824 1727 3904 percutientem
1756 3839 1892 3908 pupulum,

261 3930 377 3974 tricarem
387 3920 576 3975 amiseramus:
594 3918 663 3974 Vnde
676 3921 746 3974 erriru
759 3920 793 3972 nd
807 3921 948 3991 prisacam,
956 3921 1050 3991 inquit,
1105 3940 1197 3994 rrragna
1211 3927 1363 3980 exclamans
1377 3942 1443 3981 vore
1453 3940 1512 3981 curn
1533 3927 1632 3996 ejulatu
1643 3928 1728 3982 dixit:
1747 3924 1802 3981 lieu
1813 3929 1894 3994 mihi,

261 4019 283 4063 et
292 4010 426 4064 scandere
436 4011 489 4065 mus
498 4010 651 4083 ejua(l’rno.
660 4013 687 4066 ti.
694 4011 733 4083 6).
745 4011 875 4067 Forruicae
885 4013 945 4066 lacti
959 4027 1052 4067 serarius
1104 4015 1212 4070 Dorrrine
1227 4017 1294 4070 Deris
1308 4032 1317 4070 .·
1330 4019 1568 4072 eorrennrnrnrionern
1588 4029 1617 4071 tn
1637 4020 1701 4089 [ucis
1728 4019 1895 4090 reliquiarum

262 4102 503 4173 discipuli,nusqui
516 4103 695 4174 adimagineur
706 4105 752 4159 [lei
763 4103 823 4158 laeti
833 4116 987 4160 erarrausrat
998 4121 1051 4160 non
1105 4106 1187 4161 lsrael
1202 4105 1308 4180 (Erech.
1321 4107 1347 4161 a.
1362 4107 1388 4176 8)
1400 4107 1412 4160 l
1428 4108 1459 4161 lit
1475 4109 1605 4164 ieremias
1622 4126 1628 4162 :
1646 4107 1750 4179 Corripe
1761 4127 1825 4174 nos,
1841 4109 1896 4164 Dn-

263 4195 364 4265 quinos
373 4193 451 4258 iecit,
461 4205 503 4250 cst
511 4205 612 4260 auctor,
619 4195 667 4250 sed
677 4209 726 4250 irus
735 4195 784 4265 ipsi
795 4197 840 4265 qui
848 4196 1053 4265 iruaginenrejus
1105 4201 1180 4262 turine,
1196 4212 1363 4254 unrrrnronren
1385 4201 1411 4252 in
1421 4200 1529 4270 jndicio,
1544 4211 1566 4253 et
1578 4217 1628 4254 non
1649 4201 1675 4254 in
1689 4201 1776 4271 [rurore
1790 4215 1849 4264 tao,
1864 4221 1896 4258 ne

261 4287 379 4343 retinere
392 4277 536 4342 nuluirnus.
554 4289 587 4342 Et
599 4287 662 4358 qnid
674 4288 734 4342 dico
749 4288 886 4342 loraricisl
898 4289 951 4343 into
964 4290 1052 4358 lapidi·
1105 4307 1150 4344 noa
1165 4291 1328 4361 porreiaairnoa
1340 4291 1420 4358 [acics
1435 4289 1507 4357 (Jer-
1522 4293 1564 4346 to.
1575 4291 1610 4345 ‘ll
1622 4291 1641 4362 ).
1661 4291 1731 4374 Ergo
1741 4295 1762 4347 si
1771 4293 1874 4364 lluyses
1887 4337 1895 4358 ,

261 4379 314 4435 bus
323 4379 389 4449 ipsis
411 4378 571 4448 stupidiores
582 4380 722 4433 evasimus.
738 4377 820 4434 Visne
840 4379 935 4433 hurum
949 4393 1054 4448 quoquae
1107 4381 1240 4447 Ezechiel,
1253 4391 1332 4450 atrine
1342 4383 1470 4436 lereruias
1485 4397 1566 4450 super
1586 4381 1642 4436 isris
1658 4385 1753 4439 tristati
1773 4384 1825 4438 sior
1840 4402 1847 4437 :
1861 4400 1895 4439 an

263 4468 396 4540 proteram
407 4469 607 4524 testiinonium?
620 4468 846 4525 Auditeconoalln
857 4481 880 4524 et
889 4472 1054 4541 snrrdumemo
1105 4461 1251 4545 plnsnrres
1267 4474 1317 4527 illm
1337 4473 1402 4528 nihil
1424 4475 1521 4528 nostris
1548 4475 1722 4530 movebantur
1748 4476 1848 4530 malis?
1862 4481 1897 4532 ht

263 4571 356 4625 terre:
373 4563 432 4631 quin
442 4561 568 4631 indicium
585 4560 693 4614 llomino
705 4561 824 4614 adunans
841 4564 961 4633 populum
980 4580 1054 4616 rouro
1106 4583 1156 4637 nna
1167 4569 1269 4622 ratione
1280 4569 1305 4620 id
1318 4575 1390 4622 esset
1401 4565 1492 4620 ollaex
1504 4573 1577 4635 parte
1586 4549 1815 4633 erediblle'lQuud
1824 4568 1896 4622 euim

264 4649 359 4721 tlibi.
379 4651 413 4706 n>
429 4649 470 4722 2).
482 4651 548 4706 Cum
570 4649 723 4705 horninibus
744 4650 872 4720 judicium
890 4667 1011 4715 exerces.
1027 4663 1054 4708 et
1106 4673 1149 4713 res
1163 4667 1268 4713 nostras
1281 4672 1328 4728 pro
1339 4657 1394 4712 suis
1407 4656 1520 4721 ducant,
1536 4657 1608 4732 disee
1621 4667 1748 4728 orrannum
1770 4659 1895 4729 pisidiam

264 4757 344 4796 urucas
366 4741 537 4798 tundarnema
562 4741 660 4797 terre?
681 4741 737 4796 imo
756 4756 820 4796 vero
834 4743 917 4812 inquil
930 4759 938 4796 τ
952 4759 1012 4798 1111111
1027 4754 1055 4798 et
1106 4753 1287 4821 conceperint,
1301 4751 1422 4807 ridentes
1441 4751 1519 4806 uirbis
1535 4751 1705 4807 correilinrunr
1732 4768 1791 4808 esse
1807 4753 1897 4808 Douri-

265 4845 343 4889 terrae
365 4833 544 4889 fundamentis
565 4835 716 4890 stolidiores
735 4843 797 4890 surrt
818 4834 950 4890 homiues.
969 4824 1054 4905 Querir
1107 4858 1181 4899 rrum.
1197 4841 1223 4898 Si
1236 4843 1394 4898 enimantea
1409 4859 1462 4897 urin
1477 4843 1634 4907 doluissent,
1652 4859 1704 4898 uon
1717 4860 1781 4899 saue
1800 4860 1831 4900 ea
1851 4859 1896 4900 cs·
1969 4917 1973 4923 Ι

265 4943 331 4998 ergo
349 4927 436 4983 adhue
461 4927 559 4998 queris
573 4929 599 4982 in
615 4929 646 4982 iis
658 4943 799 4984 excessum
820 4927 937 4994 malitiae,
950 4930 1055 4999 quando
1106 4944 1166 4988 sent
1181 4944 1271 5004 postea
1294 4935 1392 4990 laetitiae
1414 4936 1547 5006 voluptate
1572 4935 1786 5006 personalium
1808 4947 1896 4993 autem

265 5034 292 5075 ct
305 5019 387 5074 asinis
407 5019 577 5090 stupidiores
600 5029 628 5074 et
648 5019 734 5075 brrbus
755 5020 1005 5086 irrationabiliores,
1027 5029 1056 5076 el
1106 5027 1203 5094 gavisae
1224 5027 1287 5090 siut,
1300 5034 1371 5095 piaret
1391 5041 1425 5081 ex
1439 5025 1472 5080 lis
1486 5043 1544 5097 «perae¹
1566 5038 1593 5081 et
1605 5025 1726 5081 Christus
1739 5028 1795 5096 ipsc
1810 5027 1895 5082 dixit:

265 5109 449 5166 hirundineae
462 5119 564 5168 turture
584 5111 750 5183 irrgratiores,
770 5119 797 5166 et
809 5109 927 5166 formicis
943 5111 1055 5167 demeu-
1108 5116 1234 5182 Quoniam
1243 5117 1366 5186 prndium
1386 5117 1433 5170 erit
1451 5117 1477 5171 in
1490 5117 1570 5181 celo,
1584 5125 1610 5171 et
1632 5117 1658 5171 in
1675 5131 1744 5172 terra
1757 5135 1833 5186 anper
1848 5135 1898 5172 arro

264 5202 357 5270 titirus,
371 5203 486 5274 ipsisque
496 5187 628 5273 lapidibus
648 5203 818 5274 stupidiores,
831 5204 894 5273 quin
907 5212 934 5258 et
946 5217 1054 5272 serpen·
1108 5215 1237 5274 metatore
1264 5205 1435 5276 penitentium
1454 5218 1543 5278 openle
1555 5205 1629 5280 (hnc.
1648 5207 1691 5262 ts.
1704 5207 1744 5278 l).
1766 5207 1851 5264 Porro
1874 5210 1897 5264 si

238 5308 243 5318 ·
264 5301 329 5345 trum
343 5291 443 5346 similes
456 5292 610 5350 videamur?
631 5291 717 5346 Furor
729 5293 800 5348 eninr
819 5294 881 5361 illia,
901 5293 994 5363 innuit,
1013 5309 1054 5346 ae·
1108 5311 1187 5350 unum
1207 5307 1377 5368 peccatorum
1401 5307 1599 5354 corruertentem
1622 5314 1652 5354 se
1666 5297 1787 5356 videntes
1810 5303 1896 5370 angeli

264 5382 375 5436 rundnn
388 5383 580 5438 ainrilitndinem
594 5385 996 5455 serpentirruenennmnrpidnm
1009 5385 1054 5439 snb
1105 5388 1222 5458 gaudent
1237 5405 1243 5442 :
1256 5387 1390 5458 qrrnmodo
1420 5389 1499 5445 hodie
1520 5393 1568 5457 pc‘r
1592 5381 1723 5459 primitias
1745 5391 1896 5445 universam

265 5473 338 5528 lobiis
350 5491 435 5529 earum
456 5475 541 5545 (ent.
559 5477 644 5533 disi.
666 5487 690 5531 et
705 5479 748 5533 li.
760 5478 799 5549 3).
822 5478 890 5546 Quid
912 5488 1000 5534 autem
1013 5487 1055 5534 est
1093 5493 1228 5557 Ιιιιιιιιιιιιιι
1242 5481 1384 5536 humanam
1406 5481 1564 5552 aspicientes
1578 5482 1604 5536 io
1615 5483 1709 5538 eaelnnr
1724 5483 1896 5548 illaiamnun

203 5607 209 5622 .
264 5581 332 5634 rrpns
342 5568 453 5623 rationis
465 5569 613 5638 expertium
635 5578 770 5638 stuporem
784 5579 864 5639 atqrre
882 5570 1053 5624 stoliditatem
1108 5573 1222 5628 marimo
1240 5573 1336 5644 gaudio
1355 5575 1408 5628 siat
1433 5571 1618 5648 allectilhndi
1643 5573 1721 5642 igitur
1742 5581 1767 5626 et
1790 5573 1898 5627 aliunde

263 5673 483 5748 ¹cornurumnrare,
499 5660 605 5730 ornando
619 5671 645 5715 ct
668 5661 751 5729 ipsios
764 5660 861 5715 diaboli
877 5661 998 5716 ridemur
1008 5664 1053 5718 li'ii
1140 5705 1176 5765 (Η)
1194 5711 1260 5752 „unc
1271 5706 1343 5752 enam
1357 5702 1442 5753 ,ΝΜ
1455 5715 1501 5764 qno
1512 5709 1581 5764 'mm
1589 5701 1677 5762 dicam,
1698 5711 1755 5763 etc,
1768 5702 1835 5753 affe„
1851 5709 1898 5754 Leo

265 5749 344 5804 dicti?
364 5747 413 5804 l'ot
423 5750 504 5816 eninr,
518 5751 611 5820 inquit,
620 5752 668 5821 prii
683 5752 842 5807 diabolitatis
854 5752 944 5826 (lours.
956 5754 982 5808 8.
992 5755 1049 5826 ll).
1107 5773 1165 5828 rapa
1177 5765 1206 5813 ad
1215 5765 1307 5814 taicum
1318 5766 1388 5827 epist.
1404 5763 1455 5813 tut.
1669 5791 1670 5796 =
