4142 6342
262 352 315 408 ιιι
631 349 663 403 S·
682 345 820 404 tuturus
838 343 1075 401 cttntsosrottt
1094 345 1252 404 ,tntillum
1274 343 1545 404 constituamur.
1758 339 1762 346 ⁵
1839 347 1891 406 ιιι

260 475 357 529 lrisraet
372 469 436 542 ipsis
453 470 479 524 la
492 467 648 524 memoriam
670 467 801 522 reuocatis
816 465 881 520 stituit
902 482 963 520 euru
977 482 1047 536 pra·-
1103 483 1186 538 gruere
1197 467 1314 539 indigen
1330 481 1379 539 eqo
1395 483 1457 524 reru
1476 467 1588 524 eredens
1600 468 1710 540 pignore
1729 468 1838 525 minime
1850 472 1893 524 in·

259 573 343 628 stare,
357 560 405 633 qul
416 561 511 641 adest,
526 572 611 628 aeque
633 570 735 612 naturae
756 557 878 611 ltumaurc
897 571 977 626 opera
990 569 1050 610 esse
1102 561 1295 630 eligamusque
1316 560 1391 630 signo
1407 561 1472 616 :sed
1497 559 1559 616 lieet
1579 559 1666 632 lingua
1682 575 1734 616 nun
1760 562 1862 632 loquar,
1878 578 1893 616 a

260 655 396 726 il⁰ll⁰⁸ll³
409 654 478 710 ⁶⁰⁰²
488 695 497 718 ι
507 652 554 707 501]
570 659 728 720 9118881118111
750 649 864 719 sillium
880 649 1010 719 gratiam,
1023 656 1051 702 et
1103 651 1219 721 peccatis
1233 659 1369 721 purgatum
1381 666 1442 708 esse
1454 653 1579 718 meseio;
1593 661 1621 707 at
1636 652 1674 706 illl
1688 661 1744 708 tum
1761 669 1814 708 non
1830 668 1892 710 cre·

260 747 394 802 adomnia
413 743 600 810 advolantem,
616 742 756 814 mysticum
775 739 839 795 illud
859 741 986 809 perticere
1007 752 1051 790 sa·
1104 741 1218 810 debant,
1241 742 1291 796 nisi
1312 743 1415 812 signum
1435 742 1601 813 accepissem
1624 760 1633 798 a
1654 753 1793 814 propterea
1820 745 1895 811 signa

260 838 402 894 wilcium·
418 835 494 892 Licet
512 835 584 890 enlm
596 833 676 889 l¹⁰¹¹¹0
689 832 724 888 ⁵5²
745 832 787 898 3⁵2
802 831 847 901 lul
868 829 958 895 adest,
980 827 1052 884 0⁰⁰⁵
1105 843 1240 905 tamquam
1251 834 1347 906 pignus
1360 833 1493 905 quoddam
1509 832 1586 898 tidei,
1600 849 1653 906 qua
1664 834 1826 899 credebant,
1840 835 1893 890 iltis

261 939 413 994 cotanen,
427 929 529 1000 quipse
542 925 627 997 ipsun
640 923 916 995 oneratur-Notium
930 930 1052 977 naturam
1103 925 1244 982 ιιιιιιιιιι.
1266 925 1357 998 ltaque
1378 937 1431 981 ιιοιι
1459 935 1487 981 ιι
1511 925 1651 992 additos,
1666 925 1713 982 sed
1739 935 1769 982 ιιι
1782 926 1897 984 iauden-

261 1023 401 1078 attendere
414 1021 503 1087 illius,
517 1035 597 1092 quiem
611 1019 718 1084 ceratis,
731 1016 778 1072 sed
788 1017 900 1088 qratiam
913 1014 972 1084 ejus
981 1013 1052 1068 inri-
1104 1019 1154 1074 bus
1166 1019 1297 1075 dabantur
1310 1019 1402 1090 siqua,
1415 1027 1446 1074 nt
1458 1018 1552 1074 tierent
1573 1017 1665 1073 sidetes
1682 1036 1688 1072 :
1702 1019 1743 1074 sic
1753 1019 1834 1074 etiam
1859 1021 1894 1073 ait

262 1116 366 1170 sibitem
379 1113 518 1168 considera
531 1134 538 1166 ι
552 1111 618 1165 nibil
633 1110 777 1165 laumaaum
803 1115 846 1163 est
867 1122 977 1173 eorum,
992 1121 1053 1176 quat
1104 1111 1211 1179 Paulus,
1226 1109 1308 1183 Siqua
1330 1121 1389 1165 sunt
1413 1127 1463 1166 aaa
1484 1110 1618 1180 fidelibus,
1632 1110 1677 1164 sed
1694 1109 1842 1180 infidelibus
1857 1113 1895 1180 (l.

262 1209 290 1264 in
303 1207 354 1263 ltoc
372 1220 448 1261 sacro
470 1213 598 1276 geruntur
611 1182 773 1257 sanctuario.
793 1197 853 1254 Nisi
865 1197 981 1267 Spiritus
1001 1195 1051 1250 ad·

262 1299 334 1358 esset
345 1342 353 1367 ,
365 1297 482 1355 Ecclesia
496 1311 550 1351 aon
563 1295 738 1353 consisteret:
751 1292 773 1348 si
790 1304 855 1345 vero
866 1289 988 1345 consistit
1001 1287 1053 1343 Ec·

264 1392 357 1458 elesia,
370 1391 479 1444 dubium
495 1404 547 1442 uon
560 1395 616 1452 est,
629 1387 694 1456 quin
704 1384 773 1440 adsit
786 1381 910 1452 Spiritus.

300 1483 385 1552 Quare
399 1482 547 1552 auersique
558 1497 609 1534 nou
624 1481 696 1548 fiunt.
709 1476 808 1530 -Cur
820 1476 907 1546 igitur,
922 1474 993 1529 dicet
1004 1471 1065 1558 ιιι·υ

263 1575 334 1647 quis,
349 1588 418 1628 nurse
428 1573 500 1642 signa
517 1586 568 1624 nou
584 1569 668 1624 tiurrti
680 1567 730 1651 lile
742 1567 808 1620 utilri
818 1582 866 1620 uos
877 1565 995 1620 animum
1010 1562 1053 1616 di·

263 1667 376 1737 ligenter
397 1662 526 1718 attendite
541 1675 576 1715 :a
598 1659 689 1714 nrrtltis
711 1657 783 1714 enim
798 1664 825 1712 ot
852 1656 1004 1726 [requenter
1026 1660 1054 1707 et

175 1780 179 1787 ·
263 1771 370 1827 semper
392 1754 462 1810 itanc
483 1753 549 1808 nrilri
569 1751 730 1822 propositam
752 1749 831 1804 audio
858 1747 1053 1819 questionem:

262 1848 351 1918 Quare
364 1857 419 1901 turn
440 1844 536 1915 linquis
555 1842 732 1914 loquebantur
753 1837 909 1909 omnesqui
928 1835 1048 1906 baptiza·

263 1941 370 2002 bantm,
382 1937 438 2010 jam
451 1950 514 1991 sero
529 1951 581 1989 non
592 1933 674 1988 item?
688 1933 825 1987 Diseamus
840 1931 928 2000 prius,
943 1926 1006 1997 quid
1020 1925 1055 1980 sit

265 2031 337 2104 loqui
350 2029 448 2101 linquis
458 2070 467 2097 ,
477 2042 510 2084 ac
523 2024 621 2081 deiude
631 2039 738 2080 causam
750 2025 879 2079 dicemus.
893 2020 962 2089 Quid
976 2019 1056 2091 igitur

263 2131 305 2178 est
324 2122 395 2193 loqui
415 2117 530 2189 linguis?
542 2117 592 2186 Qui
607 2116 798 2185 brrptizattatar,
811 2115 900 2168 statim
914 2113 1004 2183 linqua
1015 2111 1057 2165 lo·

264 2215 394 2286 aptabatur
414 2211 538 2268 indorum
553 2252 561 2276 ,
588 2209 796 2280 AEqyprtorum,
814 2205 952 2260 Personam
965 2243 974 2269 ,
987 2201 1055 2273 Scy·

265 2307 381 2371 utrarum,
396 2303 529 2360 Thracum
541 2343 549 2367 ,
562 2316 594 2356 ac
607 2300 648 2354 uir
668 2314 738 2354 ιιιιιιι
751 2300 846 2351 arcultas
860 2296 962 2366 linguas
977 2309 1056 2349 assu·

266 2399 373 2463 screbat;
387 2406 415 2452 et
427 2397 469 2451 isti
484 2410 554 2450 nurrc
567 2395 590 2447 si
603 2393 728 2462 baptizati
744 2399 799 2444 turn
821 2390 950 2452 tuissent,
964 2386 1056 2441 statim

265 2494 326 2548 illos
338 2493 450 2548 dirersis
465 2491 603 2560 loquentes
615 2487 712 2568 linquis
724 2485 864 2539 audiisses.
878 2480 944 2536 Nam
959 2479 1056 2536 Paulus

265 2584 387 2651 inuenit,
408 2592 436 2637 ut
460 2582 567 2646 dicitur,
586 2577 715 2650 (quosdam
729 2577 755 2630 in
772 2574 883 2630 loannis
898 2571 1057 2641 baptismate

265 2678 424 2746 baptizatos,
435 2675 555 2744 dixitque
567 2672 599 2725 ad
614 2687 679 2726 eos:
694 2669 726 2724 Si
745 2667 871 2738 Spiritum
882 2675 997 2719 sartctum
1011 2679 1057 2716 ac·

264 2770 364 2840 cepistis
385 2765 535 2822 credentes?
556 2763 651 2818 Dicitat
668 2761 707 2815 illi
719 2776 728 2815 :
741 2757 794 2814 seu
806 2772 884 2828 sieque
900 2756 923 2811 si
944 2753 1058 2826 Spiritus

264 2871 368 2916 mactus
388 2868 436 2926 est,
451 2857 594 2912 audiuimus
606 2855 676 2925 (Act.
699 2854 734 2908 ts
757 2852 804 2923 2),
820 2850 963 2919 statimque
977 2847 1058 2917 jussit

265 2967 313 3008 eos
324 2949 470 3021 baptizari;
484 2947 518 3003 Et
531 2964 590 3001 cum
602 2946 761 3016 imposuisset
774 2942 825 2996 iilis
839 2957 930 2994 manua
944 2937 1055 3004 Paulus,
1093 2935 1096 2940 '

264 3045 330 3098 uenit
343 3041 456 3113 Spiritus
465 3049 567 3095 sauctus
578 3053 655 3106 super
668 3052 709 3089 eos
719 3076 727 3102 ,
739 3047 762 3087 et
777 3033 942 3103 loquebantur
961 3029 1055 3100 linquis

264 3150 351 3188 omnes
366 3130 446 3204 (ibid.
457 3147 482 3185 u.
497 3130 536 3201 6).
550 3127 604 3184 Cur
616 3125 831 3198 igitursubducta
846 3135 897 3189 est,
909 3132 936 3178 et
961 3137 994 3177 ex
1009 3121 1058 3174 bo·

265 3221 384 3278 minibus
402 3221 505 3276 sublata
519 3236 589 3275 nuato
600 3220 644 3273 itta
655 3217 752 3288 grtrtiai
762 3216 818 3270 Non
832 3215 901 3284 ιμιιιιι
912 3211 1057 3285 igrtominia

264 3329 314 3368 tros
329 3312 427 3367 alliciat
440 3313 527 3376 Deus,
543 3311 591 3366 sed
612 3309 682 3379 quod
698 3310 826 3363 bonorem
849 3308 930 3361 etiam
942 3303 1056 3360 deserat.

264 3403 324 3471 Quo
339 3403 448 3457 tandem
463 3400 561 3472 paetol
574 3415 625 3470 ego
636 3400 732 3454 dicam.
746 3397 904 3453 stolidiores
914 3406 989 3450 orarit
1001 3403 1057 3450 turn

264 3497 395 3567 temporis
406 3496 545 3560 homines,
559 3509 611 3548 nou
634 3493 669 3548 ita
685 3491 785 3562 pridem
798 3493 832 3547 ab
845 3490 922 3546 idetis
936 3489 1056 3555 abducti,

264 3602 298 3645 ac
319 3604 399 3659 porro
416 3587 532 3642 crassior
546 3594 573 3641 ct
594 3583 726 3654 stupidior
743 3597 821 3638 mens
846 3582 957 3636 illoram
968 3581 1057 3635 adbuc

265 3687 339 3742 erat,
355 3679 530 3746 omnibusque
540 3675 724 3746 corporalibus
738 3675 832 3729 intenti
846 3684 923 3728 eram
942 3682 970 3728 et
983 3673 1057 3726 addi-

264 3771 312 3838 cti,
329 3771 478 3842 nequedum
492 3770 646 3838 incorporea
657 3767 709 3820 illis
723 3764 793 3821 dotia
808 3767 961 3820 intuentem
975 3779 1058 3819 uerte·

266 3873 344 3932 rant,
358 3878 444 3932 neque
459 3871 584 3916 restaurant
599 3901 607 3926 ,
622 3859 685 3931 quid
700 3869 773 3914 esset
785 3859 870 3929 gratia
888 3856 1056 3927 spiritualis,

264 3969 378 4028 quaque
396 3954 453 4009 sola
475 3955 527 4007 tide
544 3953 691 4021 percipitur
705 3967 713 4003 ι
727 3950 826 4005 idcirco
851 3949 925 4019 signa
948 3949 1057 4004 tiebaut.

264 4049 332 4105 Nam
358 4062 391 4102 cx
416 4045 494 4102 dantis
515 4043 698 4115 spiritualibus
711 4042 761 4097 alia
783 4042 890 4113 quidem
916 4040 1058 4094 istuisibilia

263 4148 337 4202 sunt,
350 4148 377 4192 et
387 4138 443 4192 sola
459 4136 511 4190 lade
525 4133 802 4204 comprehendantur:
813 4131 864 4186 alia
875 4147 940 4186 uero
952 4132 1057 4201 signium

263 4228 398 4300 quoddam
420 4228 543 4282 serasibus
556 4228 689 4295 objectum
710 4225 838 4281 exlribeut
857 4223 1056 4280 adficiendam

263 4319 344 4374 tidem
368 4317 528 4374 intldetibus.
549 4316 672 4388 Exempli
687 4331 784 4383 causa,
801 4316 924 4370 remissio
936 4324 1058 4384 peceato-

263 4426 324 4468 rum
339 4424 384 4467 res
408 4419 451 4466 est
462 4411 625 4482 spiritualis,
642 4409 775 4465 invisibile
795 4408 894 4464 donum
914 4417 973 4465 est:
987 4423 1058 4480 quo-

265 4503 423 4559 modoenim
432 4514 538 4572 peccata
551 4513 642 4556 nostra
651 4510 806 4572 purgentur,
815 4501 994 4556 earnisoeulis
1005 4515 1058 4556 non

264 4595 395 4650 videmus.
405 4594 475 4662 Quid
487 4593 534 4647 ital
544 4593 674 4661 Quoniam
685 4591 773 4645 arriana
785 4599 835 4656 est,
846 4607 905 4662 quae
920 4600 1057 4663 purgatum

263 4689 426 4759 tricorporis
451 4686 538 4743 caulis
560 4701 727 4756 nequaquam
748 4684 867 4740 cernitur
887 4685 986 4738 anima.
1009 4683 1059 4738 Est

263 4779 346 4850 igitur
356 4777 494 4849 spirituale
518 4777 618 4831 donum
641 4776 773 4846 quoddam
794 4777 916 4846 purgatio
934 4787 1058 4845 peecato-

265 4883 338 4935 rum,
350 4883 410 4940 quae
421 4869 544 4939 corporis
554 4867 639 4922 oculis
653 4877 744 4936 patere
754 4882 807 4921 non
821 4878 925 4936 potest3
938 4869 1058 4922 atraciis
1079 4919 1080 4922 ,

264 4960 338 5030 loqui
353 4959 450 5029 linquis
460 4968 501 5014 est
515 4958 581 5014 illud
595 4957 701 5028 quidem
724 4958 869 5028 spiritualis
881 4959 961 5014 etiam
974 4958 1059 5028 Spiri-

263 5060 309 5107 tus
320 5049 484 5121 operationis
497 5067 505 5103 ι
518 5059 703 5105 verumtamen
720 5049 844 5104 sensibus
862 5049 996 5117 obiectum
1019 5049 1057 5102 si-

263 5155 346 5213 gnum
363 5139 482 5210 praebet,
497 5142 622 5212 quodque
637 5138 713 5195 tacite
725 5141 759 5194 ab
773 5139 925 5194 infidelibus
945 5139 1058 5210 perspici

1105 1203 1163 1259 Cor.
1182 1200 1453 1274 lausannensis
1475 1202 1559 1257 llettm
1580 1203 1717 1272 sigaonrm
1743 1203 1898 1258 manifesta-

1105 1299 1202 1352 tionem
1216 1296 1385 1362 subdusisse,
1395 1309 1447 1350 nou
1461 1305 1488 1349 ut
1499 1295 1642 1366 ignoraiaia
1656 1311 1704 1350 tros
1712 1293 1841 1362 eliceret,
1850 1295 1897 1350 sed

1106 1402 1131 1443 ut
1146 1386 1416 1444 lionoremdeicrreti
1426 1385 1492 1441 Nam
1511 1401 1571 1442 cum
1591 1384 1671 1441 tidem
1687 1393 1804 1440 nostram
1818 1386 1898 1442 vellet

1105 1481 1256 1546 «transsuere,
1264 1479 1333 1550 quod
1344 1477 1444 1548 absque
1454 1477 1606 1547 pignoribus
1614 1477 1795 1548 autsiqnisilli
1806 1476 1900 1532 creda·
1993 1531 1996 1536 ,

1105 1586 1174 1637 natis,
1189 1569 1240 1624 laoc
1251 1569 1322 1624 lecit.
1333 1568 1470 1638 Siquidem
1485 1569 1533 1633 illi,
1549 1569 1599 1624 nisi
1611 1568 1683 1638 prius
1695 1571 1798 1639 siguum
1812 1577 1840 1624 et
1853 1569 1897 1638 pi·

1105 1677 1173 1731 grtias
1182 1661 1356 1730 accepissent,
1364 1665 1387 1714 ei
1398 1660 1517 1716 derebus
1525 1660 1634 1716 minime
1644 1660 1833 1730 apparentibus
1846 1676 1899 1714 non

1105 1753 1298 1816 credidissetrt;
1310 1763 1337 1806 at
1349 1769 1399 1823 eqo
1411 1754 1489 1807 etiarm
1504 1752 1562 1808 sine
1577 1753 1628 1808 boc
1641 1768 1748 1808 ornnem
1759 1751 1839 1807 lident
1850 1767 1900 1808 cx·

1107 1845 1185 1900 lribeo
1199 1862 1205 1898 ι
1222 1844 1279 1899 liaeo
1291 1846 1371 1916 igitur
1386 1860 1464 1898 carisa
1479 1853 1587 1906 est,cur
1597 1845 1652 1914 jam
1666 1843 1740 1913 signa
1754 1857 1807 1898 non
1824 1842 1898 1898 tiarn.

1141 1937 1168 1992 5.
1185 1937 1334 1993 Voluissom
1370 1938 1491 2006 equidem
1514 1940 1548 1992 de
1579 1935 1729 1990 festivitatis
1757 1935 1897 1992 occasione

1107 2030 1187 2085 rerba
1202 2028 1301 2096 tatccre,
1322 2044 1354 2084 nc
1378 2029 1495 2094 docere,
1519 2027 1587 2098 qaid
1609 2027 1715 2083 mandem
1741 2027 1775 2082 sit
1800 2028 1896 2082 Pente-

1107 2132 1191 2189 coste,
1218 2137 1267 2177 cur
1286 2123 1312 2176 ia
1333 2122 1383 2176 bae
1402 2121 1544 2176 testivitate
1567 2119 1665 2174 donum
1681 2117 1795 2188 Spiritus
1809 2119 1899 2173 datum

1107 2213 1152 2275 sit,
1179 2228 1228 2269 eur
1243 2213 1269 2267 in
1293 2212 1389 2282 tinguis
1415 2213 1508 2282 igneis,
1533 2219 1561 2268 et
1582 2225 1632 2265 cur
1645 2220 1705 2281 post
1722 2210 1900 2273 decennem

1109 2306 1156 2362 sed
1172 2305 1342 2378 prolixiorem
1365 2304 1512 2360 doctrinam
1530 2319 1590 2360 esse
1604 2303 1681 2360 rideo
1695 2319 1704 2357 a
1717 2303 1901 2374 quamobrem.

1108 2400 1152 2454 ubi
1173 2392 1253 2468 pauca
1267 2398 1386 2468 quaedam
1411 2396 1548 2462 addidero,
1571 2395 1649 2450 lraem
1664 2393 1760 2449 sarciam
1785 2393 1902 2450 dicendi.

1112 2489 1175 2544 (itant
1199 2491 1384 2560 conspicientur
1398 2489 1450 2544 dies
1477 2487 1643 2554 Pentecosten,
1667 2486 1905 2558 apparueruutillis

1109 2582 1247 2652 dispertitae
1270 2582 1364 2652 linqua·
1390 2591 1518 2648 tranquaut
1546 2579 1612 2650 ipais
1637 2578 1778 2650 (deaut
1802 2587 1826 2630 et
1849 2578 1902 2646 dl:

1110 2687 1162 2725 nou
1188 2671 1266 2740 ignis,
1294 2670 1340 2725 sed
1361 2681 1495 2740 tamquam
1521 2671 1608 2740 iguis,
1632 2679 1661 2724 ut
1677 2669 1743 2724 riilrit
1761 2669 1860 2724 sensile
1869 2668 1905 2722 de

1111 2764 1212 2835 Spiritu
1230 2775 1323 2820 sancto
1336 2766 1491 2836 suspiceris.
1504 2761 1579 2820 Siout
1593 2765 1664 2818 enim
1679 2763 1712 2816 ad
1732 2761 1828 2816 dueuta
1841 2761 1904 2814 lor-

1109 2858 1186 2912 danis
1199 2873 1251 2912 aon
1264 2857 1387 2936 columba
1401 2856 1556 2919 deseendit,
1567 2854 1613 2909 sed
1628 2855 1654 2909 in
1668 2854 1759 2924 specie
1773 2853 1904 2908 columbae

1111 2949 1223 3020 (Luca
1246 2949 1312 3019 Edi:
1328 2949 1364 3002 ita
1389 2961 1415 3002 et
1436 2947 1478 3001 tric
1503 2963 1555 3001 nou
1583 2947 1661 3017 ignis,
1691 2945 1738 3000 sed
1763 2945 1788 2999 in
1811 2945 1900 3012 specie

1110 3042 1198 3112 ignis:
1222 3051 1250 3096 et
1272 3055 1364 3094 rnrstrs
1377 3039 1499 3110 superius
1524 3040 1581 3092 ait:
1599 3037 1738 3106 i'autquant
1751 3035 1902 3090 adturrieatis

1109 3133 1212 3204 spiritus
1226 3131 1376 3186 uelacraentie
1392 3131 1460 3202 (Act.
1475 3133 1503 3182 ι).
1516 3129 1563 3197 ι),
1577 3144 1629 3184 non
1642 3129 1752 3198 spiritus
1763 3127 1906 3181 reluctaren-

1110 3224 1155 3288 tis,
1171 3223 1217 3278 scd
1244 3231 1377 3292 tamquam
1404 3221 1570 3276 adsentientis
1598 3221 1706 3290 spiritus
1727 3219 1905 3274 relicua-ntis.

1110 3311 1164 3370 Cirr
1189 3315 1268 3384 igitur
1294 3313 1415 3368 Ezechiel
1437 3312 1544 3380 quidem
1558 3312 1656 3365 donam
1677 3309 1773 3379 accipit
1788 3308 1906 3378 propbe-

1112 3407 1166 3473 ιιι,
1195 3421 1246 3460 ιιοιι
1267 3407 1294 3461 in
1321 3405 1494 3460 similitudine
1516 3405 1602 3475 ignis,
1630 3403 1677 3458 sed
1713 3418 1759 3471 per
1785 3403 1905 3465 librttrrr;

1110 3499 1223 3569 apostoli
1244 3514 1307 3554 vero
1329 3515 1376 3570 per
1403 3500 1490 3568 iginum
1521 3497 1591 3550 dona
1617 3496 1766 3564 recipiant?
1788 3493 1855 3548 Num
1870 3494 1906 3547 ιιιι

1111 3590 1158 3644 illo
1176 3589 1283 3660 quidem
1296 3589 1333 3642 ait
1353 3591 1500 3658 Scriptura,
1519 3589 1609 3642 datam
1629 3586 1712 3642 tuisse
1735 3587 1761 3640 ia
1786 3601 1833 3642 ore
1848 3585 1907 3654 ejus

1110 3680 1254 3752 capitulam
1282 3679 1360 3748 libri,
1383 3689 1409 3732 et
1426 3678 1551 3748 scriptam
1582 3677 1663 3732 tuisse
1693 3677 1904 3747 querimoniam,

1111 3780 1145 3848 et¹
1168 3787 1290 3837 carmen,
1306 3782 1333 3826 et
1356 3786 1396 3826 uae
1421 3789 1428 3823 z
1449 3780 1477 3824 et
1502 3771 1582 3824 tuisse
1609 3771 1755 3840 posteriora
1780 3778 1807 3824 et
1830 3777 1907 3824 ante·

1110 3866 1180 3920 riora
1212 3864 1321 3933 scripta,
1345 3875 1371 3918 et
1392 3864 1541 3918 cttrtredisse
1563 3863 1645 3928 illud,
1670 3873 1695 3919 et
1724 3863 1819 3918 iactum
1845 3877 1907 3917 esse

1111 3955 1138 4010 in
1151 3970 1198 4010 ore
1215 3955 1289 4026 quasi
1307 3957 1359 4010 mel
1374 3955 1452 4010 urtice
1474 3953 1578 4024 (uzeca.
1607 3954 1634 4008 l.
1649 3954 1689 4022 9).
1714 3954 1751 4010 lle
1777 3953 1907 4023 apostolis

1110 4064 1176 4104 sero
1200 4065 1253 4104 nam
1277 4048 1332 4102 ita:
1352 4048 1397 4102 sed
1412 4047 1591 4118 apparuerunt
1603 4048 1639 4103 eis
1658 4048 1752 4118 linquar
1773 4055 1906 4116 tauriquaru

1109 4140 1186 4212 ipris.
1211 4137 1265 4196 Cur
1288 4140 1367 4211 igitur
1392 4139 1446 4195 illic
1469 4140 1536 4195 liber
1558 4150 1586 4194 et
1604 4139 1699 4205 litera,
1722 4140 1839 4195 interero
1855 4138 1909 4192 lin-

1111 4246 1161 4302 gua
1187 4239 1216 4287 et
1240 4231 1330 4302 ignis?
1353 4230 1429 4298 Quod
1445 4230 1489 4285 ille
1500 4231 1607 4302 quidem
1626 4229 1711 4285 abiret
1728 4231 1909 4285 insectaturos

1114 4331 1241 4392 peccata,
1264 4322 1481 4393 calauritatesque
1500 4321 1623 4376 ludaicas
1647 4320 1854 4390 deploraturust
1880 4320 1908 4376 bi

1110 4430 1175 4470 sero
1189 4423 1296 4483 peccata
1306 4415 1379 4469 orbis
1391 4425 1519 4470 terraram
1534 4416 1698 4484 absumpturi
1709 4415 1830 4468 exirent:
1843 4427 1907 4482 qao·

1113 4515 1205 4576 pterea
1229 4505 1345 4561 libellum
1369 4506 1411 4560 bic
1436 4507 1546 4574 accepit,
1567 4506 1611 4576 qai
1627 4508 1728 4560 suturas
1742 4503 1910 4580 calamitates

1111 4600 1249 4655 incurrerim
1270 4609 1440 4670 suggererem
1468 4601 1555 4670 ignem
1568 4599 1605 4654 illi
1625 4597 1802 4667 accipiebant,
1818 4607 1847 4652 ut
1860 4609 1908 4648 or·

1110 4689 1152 4746 bis
1166 4700 1295 4745 terraram
1319 4700 1426 4760 peccata
1445 4698 1599 4754 exurerent,
1614 4700 1641 4745 et
1654 4698 1749 4744 cuneta
1770 4688 1907 4744 delerent.

1110 4779 1177 4836 Nam
1205 4781 1426 4852 quemadmodum
1449 4782 1471 4837 si
1494 4783 1591 4837 ineidat
1621 4781 1688 4851 ignis
1713 4780 1739 4834 in
1758 4780 1858 4848 spinas,
1873 4777 1909 4831 il-

1111 4877 1150 4932 las
1175 4877 1253 4932 taeile
1273 4877 1345 4931 delet
1368 4893 1461 4931 orrrrtes
1476 4893 1482 4928 :
1496 4877 1535 4932 sic
1554 4888 1581 4930 ct
1600 4873 1714 4944 Spiritus
1739 4872 1824 4944 gratio
1846 4885 1909 4940 pcc-

1111 4979 1169 5023 cata
1199 4969 1336 5024 ltottrinum
1365 4969 1532 5023 absumebat.
1556 4967 1651 5022 lerum
1685 4965 1783 5036 stupidi
1809 4964 1908 5028 lactat,

1111 5061 1174 5116 dum
1190 5061 1248 5117 lracc
1272 5061 1376 5124 luerent,
1404 5077 1464 5114 cum
1488 5060 1546 5116 iilos
1565 5053 1672 5130 percelli
1701 5057 1861 5128 oportuisset
1877 5070 1911 5109 ac

1111 5161 1236 5218 tremere,
1259 5153 1374 5224 denique
1398 5153 1548 5223 largitorem
1564 5154 1687 5218 adorare,
1711 5165 1802 5207 rursus
1815 5163 1911 5204 amcrr·

263 5238 447 5302 potesta-nam
467 5248 527 5303 (llil
540 5233 571 5287 fll
584 5233 656 5288 1111113
671 5231 698 5286 111
713 5232 801 5286 aalma
816 5233 951 5300 ⁰llfll³¹ltb
967 5230 1059 5286 illisi·
1110 5245 1174 5297 tiam
1201 5259 1276 5298 stram
1305 5245 1461 5313 ostendunt,
1486 5255 1513 5300 et
1526 5245 1626 5316 Spiritu
1644 5245 1758 5314 repletos
1770 5240 1911 5312 apostolos

262 5322 326 5379 111115
347 5325 471 5394 iuquam,
490 5327 711 5403 Ρθ1θ1ῑθ1ῑο19111
726 5325 861 5395 Ιῑ11ιιῑ1ΐ1111ι
877 5340 956 5395 quam
980 5325 1058 5379 audi-
1110 5334 1245 5390 ebrietatis
1267 5345 1402 5390 accusant.
1429 5334 1477 5392 Isti
1491 5338 1573 5403 enim,
1588 5337 1711 5406 inquiunt
1721 5379 1729 5400 ,
1741 5343 1823 5386 musto
1838 5332 1910 5403 pierii

263 5431 345 5485 ¹⁰⁰⁸»
364 5418 880 5475 111111111111111111191081θ111111111·11101100
898 5419 977 5473 ellim
993 5417 1059 5474 (Ῑῑθῖί
1110 5439 1167 5482 sunt
1180 5428 1248 5500 (det.
1263 5429 1290 5483 ι.
1307 5429 1362 5501 ιδ).
1388 5429 1576 5484 drrirnodverte
1595 5428 1738 5498 nequitiam
1753 5427 1906 5485 lattiniaum,

262 5505 365 5564 Paulus
380 5527 387 5564 :
400 5507 637 5582 Unicuiqusuutem
653 5512 730 5564 detur
749 5511 920 5578 manifestatio
943 5511 1058 5582 Spiritus
1110 5530 1137 5575 et
1147 5519 1302 5590 angelorum
1324 5520 1482 5590 probitatem
1507 5519 1689 5589 contemplare
1708 5534 1715 5572 r
1736 5531 1797 5571 nam
1819 5516 1908 5584 angeli

264 5598 300 5651 set
309 5599 442 5654 utilitatem
454 5599 560 5671 (Elios,
572 5601 617 5655 ts.
626 5601 666 5674 l).
679 5600 770 5671 ltaque
780 5601 863 5672 signis
871 5603 994 5673 equidem
1002 5621 1057 5662 noa
1109 5612 1217 5682 quidem
1235 5626 1296 5666 eum
1310 5613 1443 5682 primitias
1462 5619 1567 5666 nostras
1581 5611 1759 5666 ascendeutes
1773 5606 1906 5666 riderent,

266 5689 385 5760 indigeo.
398 5692 467 5760 Quid
482 5693 531 5748 itai
542 5692 645 5763 Quippe
658 5693 703 5763 qui
716 5694 817 5762 absente
831 5694 899 5767 sigui
916 5695 1058 5767 largitione
1109 5699 1276 5768 laetabantur,
1306 5716 1337 5756 ac
1358 5701 1490 5766 dicebant,
1514 5703 1629 5756 ‚tttottite
1647 5711 1741 5774 partas,
1769 5699 1905 5769 prirrripos,

265 5779 381 5840 Domino
393 5782 504 5841 eredere
524 5782 624 5841 didici:
639 5799 700 5840 narn
718 5784 762 5856 qui
776 5783 929 5842 incredulus
942 5797 999 5847 est.
1013 5790 1056 5862 pi·
1110 5800 1213 5852 uestras.
1234 5805 1258 5848 et
1283 5793 1425 5858 statumini,
1437 5803 1516 5862 portu
1534 5793 1676 5857 eternales,
1691 5802 1714 5846 ιι
1732 5789 1843 5845 introibit
1863 5801 1907 5841 rea
