4142 6342
210 313 1837 368 m

731 429 1284 640 'Pretorio
1333 407 1336 412 ⁵

508 787 582 874 IN
608 789 935 874 TERTIUM
961 787 1220 872 TOMUM
1246 785 1537 868 OPERUM

713 968 768 1032 .s.
789 967 955 1030 rosnurs
975 965 1271 1029 canrsosrour.
1309 996 1313 1004 -

930 1137 1114 1192 dewi)

238 1313 286 1376 Ea
300 1311 361 1372 init
373 1309 511 1370 instituti
526 1307 628 1370 nostri
642 1309 727 1370 ratio
744 1308 778 1368 in
793 1308 855 1370 hac
868 1308 1014 1386 paranda
1029 1307 1060 1367 S.
1076 1306 1211 1368 loannis
1226 1305 1291 1367 Chr
1314 1306 1447 1368 sostenii
1467 1305 1611 1384 Operum
1625 1307 1787 1384 Editionc,
1804 1317 1840 1374 ut

199 1390 365 1472 opuscula
380 1387 520 1467 primum
531 1387 653 1460 omnia,
668 1385 814 1466 cujusvis
851 1387 958 1448 eneris
970 1390 1099 1458 essent,
1117 1385 1151 1446 in
1168 1385 1272 1446 tribus
1290 1323 1398 1446 {omis
1410 1385 1574 1464 prioribus
1588 1387 1787 1462 locaremus;
1805 1391 1839 1452 in

203 1469 415 1564 sequentibus
429 1482 505 1529 vero
521 1465 760 1529 Commentario
773 1466 809 1526 in
847 1465 1103 1527 orumethtns
1118 1464 1371 1527 Testamentum.
1391 1463 1555 1543 Opuscula
1569 1481 1667 1543 porro
1684 1467 1793 1530 omnia
1804 1469 1839 1530 in

200 1563 347 1628 ᾳιιιιιιιιιιι
360 1547 480 1608 classes
495 1544 732 1606 distribuimus.
747 1546 852 1606 Prima
862 1545 977 1606 classis
994 1543 1217 1623 complectitur
1230 1559 1269 1605 ea
1291 1542 1410 1621 Opera,
1426 1561 1500 1622 quas
1513 1543 1556 1604 ob
1578 1545 1765 1606 varietatem
1780 1563 1840 1608 ar-

246 1626 345 1719 menti
360 1626 427 1686 non
439 1627 658 1702 possuntuno
674 1623 768 1684 titulo
782 1623 1030 1716 comprehendi,
1039 1623 1093 1683 scd
1109 1621 1456 1714 secundnmtemporis
1470 1621 1629 1718 ordinem,
1644 1623 1753 1713 quoad
1768 1625 1838 1716 ejus

202 1699 1841 1871 sistitlitiis·sititisdestillantis.nttttltlll.‘¹.⁰.¹lststinsiliit

202 1863 315 1924 classis
327 1865 375 1923 est
387 1860 612 1930 Romiliarum,
624 1875 754 1951 quecea
768 1858 904 1921 ditensis
925 1859 1097 1936 scripture
1119 1858 1197 1918 locis
1213 1862 1440 1950 argumentum
1465 1865 1667 1931 mutuantur,
1681 1877 1753 1938 quas
1769 1861 1842 1922 llo-

202 1941 299 2002 miliae
315 1941 454 2018 primam
468 1936 604 2018 hujusce
619 1942 704 1999 tertu
717 1939 808 1999 Tomi
821 1942 946 2016 partem
960 1939 1132 2016 occupant.
1146 1935 1268 2010 Quarta
1283 1936 1409 2008 classis,
1428 1934 1666 2016 Opusculorum
1679 1938 1719 1998 ad
1734 1942 1841 2000 motus

201 2017 576 2097 Constantinopolitanae
585 2021 617 2078 et
630 2017 669 2078 ad
684 2022 860 2094 utrumque
874 2018 905 2077 S.
919 2015 1054 2078 loannis
1067 2012 1287 2094 chrysostomi
1303 2014 1454 2076 exsilium
1468 2014 1709 2092 pertinentium.
1722 2015 1843 2090 Quinta

202 2099 316 2160 classis
330 2102 380 2158 est
393 2097 610 2174 Epistularum
625 2096 783 2156 omnium.
803 2097 882 2157 Tres
897 2094 906 2154 i
931 2095 997 2156 itur
1015 2093 1212 2174 posteriores
1234 2093 1354 2154 classes
1380 2091 1412 2151 in
1431 2092 1492 2153 boc
1507 2092 1602 2154 tertio
1617 2095 1718 2154 'lomo
1733 2093 1843 2156 conti-

203 2182 338 2245 nentur,
352 2176 472 2254 quibus
486 2173 705 2254 subjiciuntur
719 2191 824 2253 pauca
834 2191 879 2253 qn
929 2190 1005 2246 am,
1025 2177 1057 2234 et
1076 2171 1186 2251 spuria
1202 2171 1342 2250 denique
1359 2171 1471 2230 multa.
1487 2172 1533 2231 De
1546 2170 1611 2232 illis
1625 2173 1776 2234 omnibus
1791 2173 1844 2236 bic

203 2254 350 2334 quasdam
366 2253 588 2333 praemittenda
603 2258 690 2315 sunt.
1130 2269 1134 2280 ·

354 2381 369 2455 5
398 2377 423 2437 l.
440 2411 478 2420 -
496 2377 539 2436 lle
551 2373 781 2455 Homiliispnoe
800 2392 839 2434 ec
852 2373 983 2436 diuersis
997 2373 1170 2453 Scriptura
1180 2371 1258 2434 locis
1270 2377 1485 2452 arpemcntnm
1505 2379 1702 2436 mutuentur.

218 2499 221 2506 '
240 2498 393 2560 Ordimur
405 2513 483 2576 ergo
499 2497 541 2559 ab
550 2495 698 2558 llomiliis
712 2497 745 2557 in
760 2497 832 2558 loca
848 2496 996 2575 quaedam
1012 2494 1089 2556 nori
1106 2494 1315 2566 Testamenti,
1328 2510 1468 2572 quarum
1483 2498 1626 2572 quatuor
1639 2497 1762 2576 priores
1777 2499 1845 2560 toti·

203 2576 276 2638 dem
292 2577 497 2656 evangelicas
517 2576 694 2637 sententias
710 2576 886 2653 explicant.
905 2574 986 2636 Octo
1002 2579 1112 2636 autem
1130 2575 1302 2651 sequentes
1321 2589 1395 2652 qun
1409 2589 1476 2635 una
1489 2573 1576 2636 serie
1596 2578 1627 2634 et
1641 2576 1845 2640 continenter

205 2655 321 2718 babitu
337 2661 433 2727 sunt,
449 2655 568 2716 misero
583 2655 744 2716 distractae
757 2659 790 2714 et
800 2653 956 2731 dispersae
969 2659 1064 2716 erant
1085 2653 1119 2713 in
1133 2651 1336 2713 Editionibus
1363 2651 1526 2714 Serviliana
1550 2656 1582 2714 et
1595 2653 1817 2719 Frontoniana
1834 2677 1842 2718 :

204 2733 291 2811 quod
303 2751 380 2796 care
395 2751 453 2796 seu
481 2733 615 2794 incurias
637 2749 696 2794 seu
710 2732 1032 2811 negligentiesarilii
1043 2735 1100 2794 aut
1111 2730 1284 2792 Frontonis
1297 2729 1405 2792 necet
1419 2730 1593 2793 adscribas.
1608 2732 1656 2792 llli
1668 2733 1754 2794 enim
1768 2735 1846 2795 nul-

204 2812 271 2874 lam
284 2829 350 2874 non
364 2812 562 2892 diligentiam
580 2809 798 2884 adhibebant,
815 2828 880 2871 non
908 2811 1004 2873 modo
1024 2816 1062 2871 ut
1077 2811 1186 2871 omnia
1203 2807 1422 2892 chrysostomi
1444 2807 1608 2888 Opnscula
1629 2827 1672 2872 ex
1694 2813 1844 2892 omnibus

204 2890 293 2951 orbis
307 2891 481 2953 Christiani
497 2891 644 2969 partibus
657 2890 858 2969 colligerent,
873 2890 1038 2952 sedetiam
1053 2894 1090 2949 ut
1105 2905 1243 2966 qunque
1253 2904 1313 2949 suo
1325 2887 1437 2948 ordine
1449 2893 1618 3027 yonerent.
1634 2889 1754 2951 Verum
1766 2891 1845 2970 quia

201 2969 270 3048 jam
280 2971 380 3046 prelo
393 2967 476 3032 datis
491 2968 602 3031 multis
616 2968 781 3046 operibus,
795 2968 860 3031 alia
875 2969 1042 3032 conicrtim
1060 2969 1203 3046 undique
1214 2966 1432 3039 accedebant,
1473 2983 1518 3028 sec
1535 2972 1697 3046 postremo
1711 2969 1846 3033 advecta

205 3048 444 3128 plerumqueut
461 3048 526 3109 iors
541 3045 666 3110 terebat
690 3047 854 3110 locabant.
876 3048 1007 3122 Quanto
1033 3052 1142 3109 autem
1160 3045 1288 3107 lectoris
1306 3044 1473 3124 dispendio
1486 3045 1555 3106 brec
1574 3046 1622 3108 sic
1639 3043 1792 3110 distracta
1807 3065 1846 3112 ac

204 3127 439 3205 propemodum
456 3127 533 3189 dissi
557 3131 612 3187 ata
626 3125 810 3198 ederentur,
824 3129 933 3191 statim
955 3126 1190 3189 animadvertet
1203 3124 1351 3203 quisquis
1363 3139 1474 3184 earum
1493 3123 1661 3187 lectionem
1679 3127 1846 3190 continen-

204 3211 255 3266 ter
264 3209 406 3285 peraget.
417 3207 498 3269 Nam
513 3145 706 3284 plerumque
722 3205 836 3267 accidit
854 3211 890 3265 ut
903 3207 935 3265 in
950 3224 984 3268 se
1010 3205 1098 3266 uenti
1114 3207 1241 3265 tantum
1255 3202 1371 3281 prioris
1380 3206 1609 3281 argumentum
1624 3203 1844 3283 compleatur:

204 3288 393 3363 unumque
410 3285 556 3378 alioquin
567 3300 680 3353 omues
695 3283 814 3344 habent
829 3285 913 3345 inter
929 3300 997 3346 sea
1035 3285 1187 3354 nitatem,
1205 3287 1241 3342 ut
1257 3282 1386 3342 nonnisi
1403 3279 1593 3376 precedenti
1609 3283 1691 3345 lecta
1707 3299 1846 3362 sequen·

207 3365 274 3424 tem
288 3363 383 3440 plane
395 3362 573 3444 intelligere
587 3363 704 3440 possis.

245 3439 296 3500 llx
316 3441 404 3502 hisce
423 3447 531 3503 autem
557 3445 630 3501 octo
644 3439 793 3502 llomiliis
808 3447 952 3519 quatuor
963 3441 1089 3520 priores
1117 3446 1195 3502 sunt
1215 3441 1248 3500 in
1264 3438 1476 3518 principium,
1497 3438 1612 3500 sivein
1627 3439 1845 3504 titolumlibri

207 3518 373 3580 hetorum.
383 3520 421 3582 ln
438 3521 500 3580 boc
509 3524 616 3581 tamen
628 3524 855 3599 argumentum
869 3515 1096 3598 quinquenne
1111 3519 1195 3581 serie
1207 3518 1380 3580 conciones
1401 3517 1576 3594 babuerat,
1602 3522 1638 3580 nt
1659 3535 1724 3582 non
1747 3521 1847 3585 semel

207 3595 400 3660 tostitlcatur
412 3599 556 3661 ioannes
575 3603 685 3659 noster
703 3618 711 3656 ι
728 3597 783 3659 sed
796 3598 951 3672 secunda,
968 3601 1003 3659 in
1012 3615 1078 3677 qua
1090 3597 1297 3677 querebatur
1308 3597 1383 3676 quis
1397 3599 1483 3658 esset
1492 3600 1607 3660 auctor
1620 3596 1695 3662 libri
1707 3600 1846 3662 Actuum

81 3717 87 3726 .
208 3675 436 3752 Apostolorum
451 3721 460 3751 ,
475 3675 651 3738 intercidit.
674 3676 767 3738 lllam
781 3693 880 3755 porro
893 3678 1054 3756 integram
1078 3694 1129 3738 me
1144 3675 1304 3754 reperisse
1317 3675 1491 3756 putabam,
1505 3677 1589 3738 utin
1603 3677 1793 3741 Prelatiouc
1806 3681 1846 3744 ad

206 3752 346 3832 primum
360 3756 498 3817 Tomnm
511 3754 592 3814 diri.
606 3756 727 3848 Verum
743 3761 856 3848 postca
878 3755 1065 3836 diligentius
1080 3770 1226 3836 expensa
1245 3753 1380 3822 homilia
1397 3754 1452 3818 illa
1475 3755 1690 3895 ¹⁰⁰gl⁸⁵¹m3¹⁹
1715 3775 1755 3818 ex
1766 3759 1844 3820 blss.

206 3836 318 3926 emto..
333 3850 407 3926 qun
422 3833 462 3894 dc
485 3834 683 3926 Ascensione
706 3835 917 3926 ynscrrbrtur,
932 3835 1075 3916 comperi
1102 3840 1226 3914 partem
1246 3833 1376 3912 quidem
1401 3834 1531 3926 illam'u
1555 3835 1845 3912 r,qurbusdamde

207 3927 366 3991 ¹³¹¹⁰⁰¹⁹¹⁰
383 3913 538 3974 ΔΜ
554 3929 758 4057 latialis
775 3912 1341 4056 itltilltssatltlhllth
1358 3912 1681 4052 ‘lambitat
1705 3916 1847 4054 billi

207 3989 856 4164 {332¹}ssifffuffigbsequumurfnon
875 4038 971 4210 yosse
985 4010 1208 4151 curysostor‘it
1223 4085 1306 4130 esse.
1361 4008 1609 4162 erebamecerto
1635 4033 1729 4129 ini'tio
1743 4111 1752 4140 ,
1768 4011 1846 4148 quffa

209 4149 267 4212 alla
280 4156 404 4268 partem
410 4169 484 4246 ‘non
497 4149 765 4243 contemnendam
779 4151 867 4212 iltius
896 4150 1020 4244 'omiliae
1033 4149 1319 4242 complectebatur,
1334 4161 1377 4240 an
1392 4145 1848 4288 rndygryoyllyyiynyyclysrcyyryly

210 4229 441 4386 {idithim
464 4228 1532 4399 'initiiitatis:salatieltitillanti...
1549 4319 1557 4362 2
1574 4305 1787 4390 ...aaa
1800 4273 1848 4368 ..t

212 4389 278 4446 tam
292 4385 458 4480 homiliam
473 4386 513 4449 ad
528 4387 648 4480 calcem
664 4385 761 4464 buyus
776 4387 868 4448 'l'omi
883 4386 1057 4479 amandare
1072 4386 1253 4480 yisumlest.
1273 4461 1279 4477 Ι
1636 4464 1643 4475 Ι
1673 4461 1680 4476 ο
1715 4461 1722 4478 ο
1801 4466 1808 4480 ·

249 4464 645 4538 Quatnorrtemllomrlrm
659 4463 785 4543 quaeda
801 4465 979 4526 Mutationc
992 4481 1161 4526 nominum
1183 4465 1345 4540 rescripte
1366 4463 1460 4554 sunt,
1479 4463 1621 4537 quatuor
1635 4459 1698 4524 rllrs
1713 4480 1746 4524 m
1760 4481 1849 4542 pnn-

211 4541 331 4618 cipium
344 4545 495 4636 hetorum
509 4543 620 4619 nativo
632 4542 747 4617 ordine
759 4549 996 4636 connectuntur
1008 4544 1058 4637 :in
1077 4543 1125 4603 his
1140 4541 1259 4620 quippe
1278 4539 1687 4681 postryiffirynarlyryyuyrytuuyiu
1694 4543 1848 4684 8ιιιζ·ιι“1(ῑιιιιιὲιὲ

211 4619 1417 4792 ethelhida?llhic.¹lll.lllltll¹llhltristitia..
1443 4667 1626 4791 ..span
1639 4699 1718 4789 r...
1747 4665 1846 4777 pt...

212 4776 368 4840 llomrlias
380 4778 419 4841 de
431 4779 570 4858 Legibus
577 4780 742 4851 connubii,
753 4794 893 4858 quarum
904 4779 1008 4856 prima
1022 4783 1071 4839 est
1085 4794 1174 4839 num.
1186 4775 1235 4848 18,
1244 4774 1360 4836 rnrllud
1372 4773 1525 4853 :Propter
1538 4777 1776 4854 fornicationes,
1785 4783 1846 4841 etc.

212 4856 420 4924 alteranum.
439 4857 489 4929 19,
500 4857 539 4918 de
554 4856 677 4918 Libello
690 4857 835 4936 repudii;
852 4857 946 4919 tertia
962 4874 1052 4918 num.
1067 4855 1118 4927 20,
1132 4855 1222 4916 Lens
1231 4853 1380 4922 Maximi,
1394 4859 1423 4912 et
1433 4853 1539 4992 yantas
1551 4854 1698 4915 dncmdoe
1711 4873 1847 4924 naeres,-

213 4933 447 5014 has,inquam,
463 4935 640 5006 llomilias,
656 4953 729 5014 qun
745 4936 842 4998 unius
857 4940 889 4996 et
902 4933 1045 5014 ejusdem
1056 4933 1237 5014 argumenti
1260 4935 1381 4994 suntet
1394 4949 1432 4992 eo
1455 4949 1504 4992 em
1520 4936 1664 5010 tempore
1683 4949 1750 4996 una
1764 4937 1847 4998 scria

214 5011 343 5086 habitos,
353 5019 390 5076 ut
402 5015 584 5094 legentibus
599 5014 755 5094 liquidum
771 5019 830 5088 est,
842 5015 887 5076 ita
905 5013 1026 5075 Fronto
1039 5005 1176 5075 Ducaeirs
1186 5011 1340 5084 ediderat,
1353 5015 1390 5071 ut
1402 5011 1497 5073 tertia
1511 5027 1531 5073 a
1544 5011 1669 5073 duabus
1684 5012 1846 5089 prioribus

130 5145 136 5158 ,
213 5090 311 5169 longo
335 5092 507 5154 intervallo
520 5097 744 5170 separareturr
760 5093 815 5154 sed
834 5109 880 5154 ete
905 5108 964 5154 suo
988 5091 1100 5153 ordine
1120 5094 1186 5169 jam
1198 5088 1309 5152 locata
1324 5105 1400 5152 suas
1412 5093 1519 5168 partes
1539 5089 1673 5168 implere
1692 5107 1730 5152 ac
1750 5093 1851 5155 semel

214 5175 349 5246 coeptam
360 5171 528 5233 materiam
549 5170 589 5233 ad
605 5170 801 5233 destinatum
817 5170 913 5233 tinem
923 5171 1092 5234 deductam
1108 5168 1218 5231 lectori
1233 5169 1429 5248 conjunctim
1442 5167 1557 5228 ollerrc
1566 5174 1730 5248 poterunt.

154 5308 180 5343 ι’
214 5299 228 5372 ς
250 5291 291 5354 ll.
308 5292 514 5376 -Opnscnlu
531 5293 568 5356 de
586 5291 722 5355 motibus
738 5293 1114 5434 Constantinopolituny's,
1131 5301 1159 5353 et
1178 5290 1215 5354 de
1232 5297 1366 5373 utroque
1380 5287 1595 5373 chrysostomi
1613 5288 1743 5358 cnsilio,
1759 5307 1849 5371 qne-

926 5390 998 5433 nom
1021 5389 1096 5434 son.

253 5489 329 5552 lloec
343 5491 464 5570 excipit
474 5496 591 5569 quarta
606 5491 1102 5571 classisOpusculorum,nempe
1117 5493 1156 5555 de
1172 5493 1313 5554 motibus
1324 5490 1703 5570 Constantinopolitanis,
1721 5509 1847 5558 necnon

214 5567 253 5629 do
267 5569 341 5630 aliis
353 5587 427 5648 qun
444 5569 485 5633 ad
497 5574 673 5648 utrumque
695 5569 916 5650 chrysostomi
929 5570 1081 5632 exsilium
1099 5574 1270 5651 pertinent.
1291 5569 1366 5632 llaec
1382 5569 1491 5631 omnia
1504 5569 1681 5632 secundum
1694 5577 1847 5652 temporis

216 5647 332 5708 seriem
345 5649 441 5710 edere
454 5649 559 5709 risum
573 5656 639 5720 est,
657 5667 730 5709 com
745 5654 842 5712 antea
856 5654 1005 5726 separata
1019 5654 1051 5712 et
1067 5649 1279 5712 tumultuario
1293 5665 1313 5708 o
1336 5663 1391 5709 ere
1414 5645 1549 5709 dirersis
1572 5649 1604 5708 ln
1627 5649 1721 5712 tomis
1744 5653 1849 5717 locata

216 5730 323 5786 essent
336 5770 344 5799 ,
356 5725 453 5805 idque
467 5743 544 5790 casu
557 5728 666 5805 potius
682 5745 780 5804 quam
796 5727 943 5788 consilio.
958 5727 1008 5790 Ex
1020 5728 1060 5790 iis
1072 5745 1135 5790 non
1150 5743 1255 5792 nauca
1270 5727 1302 5786 in
1315 5665 1467 5786 &ditione
1479 5726 1651 5788 Frontonis
1674 5729 1780 5792 Ducni
1796 5731 1851 5795 dc·
1923 5763 1926 5770 ·
2049 5723 2053 5733 '

355 5825 388 5890 S.
412 5827 504 5888 Joan.
528 5829 700 5893 Cunrsosr.
723 5828 778 5893 111.
1552 5825 1652 5910 (dne.)
