4142 6342
292 301 348 362 475

292 413 355 472 feeit
367 420 506 480 mlombar
516 425 567 498 (a),
579 437 607 484 et
617 430 764 490 exdttdens
777 451 884 495 omnem
892 439 1080 504 irrationabili·

282 516 377 566 -tatetu
391 521 470 582 atque
481 514 659 587 ferocitatem,
671 529 902 586 mansuetudinem
914 533 1028 604 Spiritus
1038 538 1080 592 in·

294 599 413 656 troduxit
426 620 434 656 :
449 615 591 676 manetque
603 608 683 667 bodie
696 613 753 671 hauc
766 633 864 675 areana
873 625 1015 694 mangana,
1029 643 1080 684 nee

293 699 381 746 tamen
393 693 721 771 aliquandodissoiritur,
734 712 785 763 oe'c
806 711 877 767 ualet
897 716 1000 772 tabulas
1022 719 1080 786 eius

293 777 346 832 ulla
360 781 468 837 malitiae
484 784 575 843 laxare
587 795 748 862 tempestas:
764 798 827 868 quin
838 803 926 870 potius
942 805 999 875 ipsa
1010 814 1081 862 tem·

293 873 403 939 pestatis
415 884 502 932 motas
510 883 658 952 navigando
670 895 844 960 compescuit,
857 897 926 966 quud
937 899 1002 954 satis
1013 915 1080 956 uon·

292 974 435 1031 sequenter
447 967 569 1027 effectum
581 985 632 1031 est.
647 977 707 1034 Non
720 983 792 1038 enim
805 987 935 1043 bitumine
944 1001 991 1044 ant
1003 992 1077 1061 pice,

290 1053 339 1109 sed
359 1067 453 1114 sattcto
468 1060 570 1133 Spiritu
594 1069 653 1139 ejus
667 1073 764 1130 tabulae
786 1087 846 1132 suut
861 1092 1004 1149 perunctae.
1025 1083 1083 1141 Sed

292 1144 428 1203 Alrrabam
442 1152 574 1211 mirantur
587 1173 691 1227 omnes,
705 1165 766 1234 qnia
776 1181 836 1226 eum
851 1170 967 1227 audisset
978 1190 985 1227 :
996 1173 1079 1228 Abra-

291 1236 363 1304 ham,
373 1243 415 1294 eei
424 1243 456 1296 de
467 1253 534 1300 terra
544 1257 597 1317 tuo,
610 1261 635 1306 et
647 1253 679 1308 de
689 1259 837 1327 cognatione
843 1269 888 1315 tuo
896 1261 972 1332 (Gerr.
983 1265 1026 1319 fi.
1037 1265 1080 1337 f):

290 1334 320 1380 et
330 1326 439 1385 domurn
449 1334 557 1406 reliquit
567 1349 595 1395 et
608 1344 733 1413 patriam,
743 1358 771 1402 et
781 1349 970 1422 ainicosatuae
979 1369 1079 1426 cogna-

291 1425 345 1482 tos,
358 1435 471 1488 quorum
484 1428 603 1484 oiirninm
613 1431 744 1502 jacturam
766 1439 824 1494 solo
844 1439 927 1497 diuini
950 1444 1081 1515 precepti

290 1521 384 1564 amore
393 1517 583 1584 compensabat
596 1537 604 1576 a
622 1538 683 1578 nam
692 1536 726 1580 et
737 1543 788 1583 nos
799 1544 861 1585 eum
873 1543 1011 1602 propterea
1029 1537 1080 1591 nri-

290 1611 391 1655 ramur.
405 1599 458 1656 Sed
469 1605 532 1674 quid
546 1607 628 1665 Panlo
638 1616 722 1682 possit
738 1619 840 1688 equari
852 1619 918 1691 iqui
930 1637 984 1678 nou
998 1625 1079 1681 modo

291 1692 415 1761 patriam,
427 1711 603 1770 cognatos,ac
614 1705 788 1776 douram,sed
797 1712 1080 1787 ipsumquoquemun·

206 1810 211 1817 ·
290 1781 354 1838 dnm
374 1787 499 1857 reliquit:
520 1792 574 1848 iuro
587 1796 789 1868 etiamcaelum,
805 1813 833 1858 et
850 1806 944 1860 crelam
959 1808 1033 1874 culi,
1051 1815 1079 1863 et

290 1871 348 1927 itae
357 1877 445 1949 omnia
456 1877 589 1937 Christum
601 1887 771 1956 suspiciendo
783 1891 922 1962 despexit:
938 1911 1018 1951 unum
1030 1912 1078 1966 pru

289 1966 393 2020 canetis
404 1977 431 2023 et
442 1974 528 2026 solunt
538 2016 545 2042 ,
556 1974 582 2030 id
597 1986 653 2041 est,
667 1979 764 2036 Christi
776 1986 912 2042 caritatem
927 1990 1075 2059 requirens,

292 2054 382 2122 Neque
395 2076 543 2132 moeuutto,
560 2068 660 2140 inquit,
672 2089 749 2143 raeque
762 2079 859 2147 futuro,
869 2095 947 2150 usqae
958 2082 1077 2150 altitudo,

288 2164 369 2219 tregue
380 2156 546 2224 musandum,
560 2177 640 2231 neque
654 2164 706 2218 aiio
718 2177 834 2221 uentura
844 2171 934 2240 poterit
949 2187 995 2226 aar
1003 2188 1078 2242 rept-

288 2253 371 2293 rurso
382 2243 485 2298 caritate
494 2244 552 2315 Dei,
562 2265 619 2318 oute
630 2262 666 2306 est
682 2253 708 2307 iu
721 2253 819 2311 Christo
832 2256 895 2312 fetu
908 2258 1017 2314 Domine
1028 2275 1077 2316 uo·

288 2339 341 2384 etro
352 2329 362 2402 (
372 2331 449 2389 fiortr.
463 2337 489 2392 8.
503 2339 546 2394 58.
557 2341 613 2412 59).
627 2343 678 2400 Sed
689 2347 824 2402 Abrabam
837 2351 953 2421 seipsum
968 2353 995 2408 iu
1008 2355 1078 2423 peri·

287 2422 377 2478 culum
397 2427 519 2498 tradens,
547 2431 668 2490 hostibus
691 2437 773 2495 filium
799 2441 889 2498 fratris
914 2445 1025 2514 eripuit,
1049 2455 1077 2500 at

287 2512 386 2600 Paulus
398 2532 450 2571 non
460 2520 549 2576 fratris
561 2523 660 2593 filiunt,
674 2543 761 2599 neque
777 2539 830 2586 tres
843 2544 888 2586 aut
899 2534 1016 2602 quinque
1028 2550 1075 2598 ur·

287 2601 351 2669 bes,
375 2607 422 2660 sed
445 2610 536 2665 orbem
560 2614 710 2670 ttrtiversttut
738 2618 773 2674 de
800 2621 856 2690 ipsa
883 2620 1075 2680 dumorriorum

286 2697 397 2750 extorsit
408 2714 503 2766 manu,
518 2702 722 2763 innumerabilia
740 2725 788 2779 per
797 2712 856 2768 dies
870 2713 987 2783 singulos
1002 2716 1076 2784 peri·

287 2784 344 2837 cula
357 2789 513 2844 sustinendo
524 2796 717 2865 ,propriisque
730 2801 859 2856 mortibus
872 2803 1013 2858 maximam
1029 2819 1074 2860 se·

287 2875 423 2931 caritatem
439 2879 498 2935 aliis
511 2887 699 2954 comparando.
711 2887 797 2958 Caput
819 2891 949 2948 bonorum
964 2894 1075 2964 ejusque

284 2965 390 3020 culinen
405 2969 578 3042 ptiitnsopbie
588 2985 639 3043 est,
653 2977 736 3033 filiium
748 2981 956 3050 sacrificauisse3
969 2984 1016 3041 sed
1031 2985 1074 3042 liic

288 3067 392 3127 guoque
406 3061 568 3130 inveniemus
583 3065 693 3122 Paulum
706 3071 805 3140 primas
818 3083 907 3142 partes
921 3082 1073 3143 tenentem,

287 3145 329 3214 aui
342 3163 395 3202 uon
409 3149 501 3219 lilium,
513 3154 560 3210 sed
574 3159 757 3228 semetipsum,
771 3171 800 3216 ut
815 3163 887 3230 dixi,
910 3165 1007 3222 millies
1018 3167 1070 3221 im·

287 3238 405 3298 mulauit.
416 3242 446 3296 ln
455 3241 641 3318 isaaequideru
653 3250 747 3322 aliquis
757 3253 910 3322 admiratur,
922 3268 947 3314 et
957 3256 1076 3328 alisqui·

286 3329 348 3384 dem
359 3331 481 3402 plurima,
495 3339 542 3392 sed
554 3343 688 3412 praecipue
703 3345 854 3414 patientiam
867 3365 876 3402 t
887 3351 1011 3420 quoniam
1021 3367 1073 3422 pu·

285 3436 342 3475 teos
353 3423 466 3494 fodiens,
474 3433 622 3502 etpropriis
633 3436 776 3505 exagitatus
786 3438 920 3496 laboribus
939 3441 977 3512 (6)
994 3441 1071 3512 (Ceu.

286 3511 343 3584 26),
360 3515 469 3572 minime
485 3521 640 3578 resistebat:
652 3525 699 3580 sed
722 3527 806 3584 factos
821 3544 875 3585 ase
888 3539 983 3600 puteos
994 3531 1071 3588 obrui

285 3602 534 3678 ratisbonamque
556 3611 589 3666 ad
609 3612 690 3669 alium
713 3630 819 3686 semper
831 3619 961 3690 migrabat
972 3621 1071 3678 locum.

286 3691 376 3763 licque
388 3696 498 3752 collecta
511 3717 620 3757 suornm
630 3721 708 3760 marin
723 3706 750 3761 in
762 3708 928 3766 aduersarios
940 3711 1069 3780 irruebat,

285 3782 331 3836 sed
346 3787 449 3854 propria
460 3792 628 3858 possessione
643 3794 740 3868 ubique
760 3799 886 3864 cedebat,
900 3801 1072 3870 quoadusque

285 3874 477 3946 iniquissimam
490 3880 595 3939 illorum
608 3888 725 3957 expleret
736 3891 915 3962 cupiditatem.
929 3895 964 3949 ht
974 3894 1072 3952 Paulus

286 3984 339 4023 tum
360 3983 453 4040 puteos
465 3990 579 4032 centens
600 3981 727 4050 lapidibus
740 3983 865 4052 obrutos,
876 3986 923 4041 sed
936 3988 1071 4058 proprium

284 4076 396 4132 eorpus,
408 4082 461 4122 tion
473 4069 557 4123 solum
571 4071 639 4126 sicut
651 4072 695 4127 ille
705 4075 831 4143 cedebat,
840 4077 886 4131 sed
897 4078 976 4134 etiam
989 4095 1036 4136 eos
1056 4095 1071 4134 a

284 4153 379 4222 uiribus
402 4157 585 4228 lapidabatur,
613 4163 639 4218 in
666 4166 760 4220 culum
790 4168 913 4225 studebat
946 4170 1069 4226 evehere.

283 4243 389 4310 Quanto
410 4249 481 4302 euim
505 4251 618 4321 amplius
640 4255 801 4311 obruebatur
824 4238 883 4314 fons
906 4261 973 4326 iste,
996 4271 1071 4320 tantu

283 4336 438 4404 eruttrpebat
451 4341 544 4410 magis,
554 4357 586 4397 ae
596 4345 685 4414 plnres
694 4361 727 4402 ex
741 4361 770 4403 se
784 4347 877 4406 fluvins
893 4351 1052 4408 ehrrttdendo
1061 4395 1074 4422 ,.

284 4426 418 4481 tuanabat.
434 4428 472 4482 lle
484 4430 682 4502 longanimitate
702 4453 733 4491 ae
755 4438 881 4508 patientia
896 4441 974 4511 liuius
987 4445 1069 4499 lilium

285 4514 366 4570 iacob
389 4519 534 4603 admiratur
554 4523 701 4596 Scriptura.
723 4527 755 4582 Et
768 4545 889 4598 quianam
905 4533 947 4586 illa
961 4545 1003 4588 est
1017 4545 1069 4590 uim

284 4605 452 4665 adamantina
464 4627 571 4680 prorsus
581 4616 679 4682 anima,
688 4635 747 4687 qum
760 4619 831 4675 Pauli
842 4623 993 4690 patientiam
1007 4641 1071 4694 pos·

285 4697 318 4751 sit
330 4697 426 4755 imitari
438 4702 451 4755 i
464 4701 554 4772 Neqtte
565 4705 636 4760 enim
649 4707 689 4762 bis
699 4718 800 4777 septem
813 4726 953 4779 annorum,
968 4716 1014 4770 sed
1027 4727 1071 4771 to-

284 4788 336 4843 tius
360 4791 420 4846 uita
444 4797 579 4851 servitium
594 4813 642 4866 pro
655 4814 751 4868 sponsa
764 4804 872 4871 pertulit
886 4805 1001 4872 Christi,
1016 4827 1069 4867 non

284 4880 392 4936 adustus
403 4884 488 4938 solum
499 4896 565 4941 astu
577 4887 627 4942 diei
635 4900 661 4944 et
674 4892 759 4947 noctis
768 4893 838 4963 gete,
853 4896 899 4950 sed
911 4900 1069 4956 tentationes

284 4971 356 5027 mille
379 4977 552 5044 perpetiens:
569 4987 597 5032 et
608 4994 677 5034 nutrc
686 4982 791 5051 quidem
806 4986 975 5053 uerberibus,
1000 5005 1070 5046 rinno

285 5079 347 5118 roro
361 5065 492 5136 lapidibus
504 5071 602 5126 scissus
614 5083 693 5143 atque
705 5077 824 5143 collisus,
840 5089 866 5134 et
879 5096 949 5136 ntiire
960 5083 1069 5150 quidem

283 5169 343 5208 eam
366 5155 475 5223 bestiis,
499 5161 580 5216 modo
598 5173 687 5219 autem
699 5165 823 5223 fluctibus
836 5186 954 5241 paginus
968 5189 975 5226 ε
991 5173 1070 5226 tttodo

285 5245 366 5301 etiam
385 5248 474 5304 nimiae
486 5261 565 5322 atque
589 5257 722 5312 continnae
744 5260 876 5315 reluctans
900 5260 961 5316 fanti
976 5261 1070 5318 diebus

286 5344 362 5406 atque
374 5341 513 5410 tractibus,
527 5353 555 5400 et
573 5345 644 5402 inter
658 5351 801 5405 cerutuina
815 5351 911 5420 ubique
931 5353 1070 5421 prosiliens

284 5427 322 5500 (2.
336 5428 395 5485 Cor.
410 5431 477 5507 th),
487 5449 578 5506 captas
589 5455 653 5494 oues
665 5457 698 5496 et
710 5441 805 5496 diaboli
819 5443 936 5498 lancibus
948 5449 1072 5502 erabe-

314 5520 351 5584 (o)
366 5528 421 5596 llaeu
436 5525 556 5600 labentur
567 5512 591 5579 in
603 5531 681 5594 aliqua
697 5531 850 5582 ttutniliarum
869 5535 902 5584 de
918 5539 1069 5597 Poemteotia,

282 5593 340 5705 iffi
344 5582 410 5696 '2¹¹1'ss
416 5591 685 5698 ffiouumerabatnu
696 5606 761 5643 nune
770 5602 852 5644 autem
863 5604 902 5646 est
911 5603 1003 5658 octaua,
1012 5608 1039 5651 et
1047 5602 1071 5649 iu

314 5703 353 5768 (6)
367 5711 447 5758 sraeoe
456 5713 537 5761 scrslo
548 5711 630 5776 babet,
643 5728 704 5780 prop
716 5717 847 5768 iiexortas
864 5716 961 5780 furibus.

673 317 703 376 Β.
722 319 862 382 tertiata
872 329 1110 394 lefllfflsfflssf
1126 338 1285 400 thebasa.
1306 346 1573 410 coustitutum.

1866 359 1918 414 tit

1133 453 1189 511 bal·
1211 457 1262 516 Sed
1283 470 1310 518 et
1332 463 1430 535 loseph
1454 467 1587 536 pudicitiae
1600 471 1696 525 virtute
1716 469 1858 527 decoratus
1877 474 1919 528 etl

1134 547 1210 620 (Gerr.
1224 549 1269 623 59)
1285 568 1293 616 ;
1308 563 1335 606 at
1346 569 1396 624 ego
1413 571 1507 612 uereor
1522 574 1555 614 ue
1565 558 1619 630 jam
1640 559 1780 616 ridiculum
1803 561 1838 617 sit
1856 545 1922 620 hine

1131 641 1243 700 Patrium
1257 647 1324 702 velle
1338 648 1456 716 laudare,
1467 652 1512 721 qui
1524 662 1609 708 semet
1621 653 1706 724 ipsum
1718 653 1817 710 maudo
1829 655 1917 710 eruci-

1132 733 1215 806 hgens
1234 737 1331 809 (Galat.
1348 741 1398 810 6),
1414 758 1467 798 noo
1489 745 1575 800 solum
1589 746 1764 804 humanorum
1777 761 1918 818 corporum

1132 829 1358 898 pulchritudines,
1371 833 1418 889 sed
1431 835 1519 890 omnia
1533 836 1568 892 ita
1582 837 1722 906 cernebat,
1743 837 1919 910 quemadmo-

1131 919 1194 976 dum
1208 937 1257 979 nos
1278 923 1394 981 favillam
1406 927 1576 998 cineremque
1590 928 1770 1000 despicimus,
1784 930 1829 1002 qui
1842 932 1919 1000 quasi

1131 1025 1251 1071 mortuus
1261 1032 1370 1087 prorsus
1382 1020 1414 1076 ad
1427 1030 1559 1077 mortuam
1578 1021 1720 1078 immobilis
1735 1022 1916 1094 permanebat.

1131 1103 1221 1177 fugire
1234 1122 1295 1163 cum
1307 1117 1377 1164 buta
1389 1111 1470 1165 autimi
1488 1127 1551 1167 eura
1575 1114 1763 1183 comprimeret
1786 1114 1919 1169 incentiva

1131 1195 1254 1253 uitiorum
1267 1211 1295 1255 et
1316 1211 1434 1268 naturae,
1458 1203 1522 1257 nibil
1537 1203 1690 1260 'humanam
1704 1204 1739 1260 ab
1759 1205 1848 1276 aliquo
1869 1205 1919 1259 ali·

1130 1289 1236 1358 quaudo
1250 1303 1391 1360 perpessus
1400 1304 1449 1348 est.

1165 1379 1264 1436 Paulus
1284 1399 1342 1437 aaut
1365 1383 1416 1441 foi
1435 1391 1571 1456 consetur.
1583 1417 1621 1428 -
1641 1387 1755 1458 stupent
1772 1395 1845 1442 certe
1866 1385 1918 1442 Job

1130 1487 1223 1529 ornnes
1247 1475 1382 1540 homines,
1397 1484 1424 1532 et
1443 1479 1521 1534 aalide
1544 1479 1635 1548 utique
1659 1479 1856 1534 conuenienter.
1871 1478 1921 1532 Est

1130 1565 1202 1619 enim
1216 1565 1260 1621 ifle
1273 1565 1372 1623 athleta
1388 1569 1516 1623 mirabilis
1528 1588 1535 1623 ε
1547 1577 1572 1625 et
1583 1571 1628 1641 qni
1639 1570 1748 1625 Panium
1764 1569 1849 1640 ipsum
1862 1569 1920 1624 tef-

1131 1665 1158 1711 ut
1173 1672 1205 1712 ex
1227 1657 1340 1713 aduerso
1357 1661 1441 1727 possit
1462 1661 1581 1730 aspicere
1602 1661 1636 1715 ob
1648 1661 1800 1731 patientiam
1815 1659 1919 1729 purita-

1130 1755 1238 1817 temque
1252 1748 1323 1815 uita,
1339 1747 1375 1803 ob
1388 1749 1567 1827 testimonium
1581 1751 1639 1819 bei,
1656 1749 1842 1821 propteriham
1856 1766 1918 1804 curn

1130 1837 1236 1895 diabolo
1255 1839 1426 1894 fortissimam
1446 1855 1570 1912 pignam,
1586 1851 1694 1912 propter
1707 1842 1843 1896 victoriam
1857 1855 1919 1911 quau

1130 1944 1243 2000 pugnam
1257 1939 1367 2000 sequuta
1380 1940 1438 1996 est;
1451 1931 1583 1986 atPanfus
1594 1947 1646 1986 ttob
1661 1931 1917 1994 mensibustantum,

1129 2022 1176 2076 sed
1190 2021 1267 2075 annis
1280 2020 1400 2090 plurimis
1424 2022 1450 2076 in
1479 2036 1563 2090 agone
1577 2021 1740 2092 perdurans,
1762 2031 1816 2076 um
1828 2019 1919 2075 clarus

1128 2113 1246 2181 emicuit,
1263 2129 1317 2168 non
1328 2123 1406 2168 terrae
1421 2112 1497 2182 gleba
1508 2113 1609 2167 saniem
1619 2111 1709 2166 earnis
1721 2110 1852 2176 eradens,
1868 2109 1917 2164 sed

1129 2205 1155 2260 in
1170 2204 1254 2275 ipsias
1268 2203 1439 2274 intelligibilis
1450 2217 1481 2258 os
1496 2203 1581 2258 leonis
1598 2202 1749 2272 frequenter
1765 2201 1916 2264 insumens,

1128 2305 1155 2350 et
1179 2309 1297 2366 pugnans
1322 2293 1451 2350 aduersus
1474 2294 1632 2350 tentationes
1657 2293 1916 2359 innumeras,omni

1129 2397 1188 2443 erat
1203 2387 1290 2457 lapide
1306 2385 1469 2452 tolerantior,
1484 2386 1528 2455 qui
1544 2400 1595 2439 non
1618 2399 1632 2438 a
1647 2384 1731 2438 tribus
1744 2393 1789 2438 aut
1803 2393 1916 2453 quatttot·

1127 2479 1231 2545 amicis,
1246 2478 1293 2534 sed
1306 2493 1320 2532 a
1331 2479 1433 2534 cunctis
1448 2475 1609 2541 infidelibus,
1624 2475 1722 2532 afalsis
1731 2477 1810 2531 etiam
1826 2474 1914 2529 fratri·

1127 2572 1177 2628 bus
1189 2571 1331 2642 oppuobria
1350 2569 1516 2637 sustinebat,
1531 2577 1702 2639 consputatus
1725 2567 1759 2622 ab
1771 2567 1892 2622 omuibus
1902 2609 1915 2634 ,

1127 2674 1206 2735 atnoe
1220 2663 1385 2720 rnaledictns.
1397 2660 1449 2719 Sed
1462 2661 1532 2718 illius
1550 2669 1609 2716 erat
1622 2673 1716 2730 magna
1729 2659 1913 2729 hospitalitas,

1128 2765 1156 2811 et
1169 2771 1231 2810 cura
1244 2769 1407 2825 pauperum:
1428 2768 1478 2808 nec
1490 2769 1538 2807 atos
1555 2753 1661 2822 quidem
1683 2751 1754 2807 istud
1768 2763 1912 2820 negamus:

1125 2848 1172 2904 sed
1184 2847 1257 2903 Pauli
1268 2862 1327 2902 eam
1342 2845 1497 2901 liberalitate
1507 2843 1658 2900 inferiorem
1668 2842 1804 2908 docemus,
1815 2849 1842 2896 et
1852 2850 1921 2894 tan·-

1126 2949 1153 2996 to
1166 2939 1328 3004 inferiorem,
1337 2937 1528 3008 quairtoanima
1542 2943 1584 2990 est
1594 2933 1815 3004 eorpnsiuferius.
1826 2931 1916 3000 Quam·

1125 3033 1196 3088 enim
1208 3029 1253 3086 ille
1265 3043 1355 3085 euram
1366 3027 1536 3098 impendebat
1549 3041 1628 3082 eastre
1639 3022 1850 3084 debilibusbane
1859 3024 1917 3077 isto·

1125 3125 1213 3179 anima
1222 3120 1349 3178 nruubidis
1358 3120 1509 3184 etlrihebat,
1520 3136 1591 3176 riunc
1601 3117 1827 3174 mentissensibus
1836 3115 1911 3170 clau·

1125 3214 1244 3271 dicantes
1258 3211 1396 3283 dirigendo
1415 3211 1442 3268 in
1458 3212 1523 3268 recti
1546 3209 1649 3266 itineris
1672 3199 1804 3264 incessum
1820 3249 1827 3273 ,
1841 3220 1912 3260 inune

1124 3304 1244 3362 nuditate
1273 3303 1407 3360 deformes
1438 3303 1506 3358 stola
1530 3301 1645 3358 ululastis
1666 3297 1840 3370 philosophiae
1866 3313 1914 3350 ue·

1124 3395 1284 3452 utiendum
1301 3393 1484 3465 corporalibus
1506 3407 1613 3463 quoqne
1624 3390 1760 3447 beneficiis
1774 3399 1846 3444 tauto
1866 3388 1916 3443 ille

1124 3485 1276 3558 superabat,
1288 3494 1386 3557 otiante
1400 3493 1442 3540 est
1454 3483 1566 3553 amphus
1580 3483 1606 3537 in
1618 3479 1687 3537 farne
1701 3488 1729 3536 et
1739 3487 1856 3550 egestate
1868 3479 1910 3533 ui·

1123 3589 1228 3636 ventem
1241 3577 1418 3649 indigentibus
1428 3578 1497 3632 ferre
1512 3575 1673 3648 praesidium,
1687 3589 1765 3646 quam
1782 3569 1809 3628 id
1822 3573 1915 3643 ipsum

1123 3671 1156 3726 de
1169 3670 1317 3726 diuitiarum
1330 3667 1464 3725 affluentia
1474 3667 1635 3722 ministrare.
1645 3664 1710 3720 liam
1724 3664 1794 3720 illins
1803 3661 1909 3734 uiridem

1123 3764 1196 3818 omni
1210 3761 1359 3817 aduenienti
1378 3759 1545 3830 aperiebatur
1554 3757 1665 3824 dumus,
1680 3753 1759 3825 banjos
1777 3769 1841 3808 uero
1852 3753 1913 3807 uni·

1125 3871 1168 3910 ma
1180 3855 1305 3910 uniuerso
1317 3853 1424 3924 patebat
1434 3851 1513 3919 orbi,
1528 3865 1560 3905 ac
1575 3849 1691 3905 fidelium
1708 3846 1819 3918 populos
1834 3845 1909 3900 beni-

1123 3963 1182 4021 gne
1200 3946 1297 4003 mentis
1311 3946 1457 4016 recipiebat
1469 3943 1601 4014 bospitio,
1613 3941 1704 3997 dicens
1721 3957 1728 3994 :
1749 3939 1810 3994 Non
1828 3953 1910 4008 ouga-

1123 4041 1235 4098 stiumini
1246 4039 1273 4092 in
1285 4039 1356 4094 uobis
1368 4079 1376 4102 ,
1397 4035 1576 4108 augustiamini
1588 4043 1671 4087 uatem
1686 4034 1712 4086 in
1724 4031 1858 4086 decentio
1869 4045 1911 4083 ua-

1122 4131 1192 4204 stut'a(
1203 4131 1231 4185 i.
1247 4129 1308 4184 Cor.
1323 4129 1349 4184 6.
1364 4127 1420 4198 ta).
1438 4127 1472 4182 Et
1486 4124 1530 4181 ille
1548 4123 1655 4196 quidem
1668 4137 1729 4178 cum
1744 4133 1807 4176 ores
1819 4129 1847 4178 et
1859 4117 1911 4173 bo·

1122 4239 1169 4280 ses
1196 4223 1305 4278 haberet
1326 4221 1494 4284 innumeras,
1509 4225 1566 4274 erat
1589 4216 1616 4270 in
1631 4227 1761 4286 pauperes
1781 4209 1907 4274 liberalis

1123 4315 1166 4372 hie
1180 4329 1243 4371 uero
1254 4313 1321 4368 nibil
1334 4311 1447 4381 amplius
1460 4323 1573 4380 corpore
1586 4323 1636 4363 suo
1648 4305 1797 4377 possidens,
1813 4301 1847 4356 de
1858 4301 1917 4355 boe·

1122 4409 1181 4478 ipso
1193 4405 1356 4461 srrfbeienter
1376 4401 1553 4473 indigentibus
1574 4397 1739 4453 ministrabat
1754 4414 1761 4451 :
1776 4393 1847 4466 qarod
1859 4393 1910 4448 aii·

1122 4500 1182 4554 cubi
1196 4499 1253 4568 ipse
1264 4507 1486 4559 commemorans,
1501 4491 1706 4554 Nceerntutibur,
1723 4489 1817 4558 inquit,
1836 4487 1908 4553 meis,

1121 4602 1145 4646 et
1156 4593 1195 4645 hir
1208 4605 1356 4661 querrteoum
1368 4595 1439 4642 erum
1457 4587 1659 4640 orinietrouernut
1670 4599 1759 4636 atauus
1772 4581 1827 4635 irtoe
1841 4581 1909 4649 (Aet.

1121 4684 1166 4741 2⁰.
1182 4686 1216 4740 at
1230 4685 1249 4755 ).
1265 4681 1391 4753 Corporis
1404 4681 1475 4736 enim
1488 4680 1530 4735 sui
1544 4693 1652 4748 operam
1665 4677 1738 4732 reiut
1751 4691 1782 4731 ex
1795 4674 1911 4745 quadam

1122 4779 1293 4851 possessione
1304 4776 1404 4831 fructus
1417 4774 1595 4830 esurientibus
1607 4771 1760 4840 deputabat.
1783 4766 1836 4822 Sed
1850 4781 1908 4820 ver-

1121 4885 1178 4927 mes
1189 4869 1319 4936 uidelicet,
1328 4879 1406 4940 atque
1419 4867 1537 4930 rultrera,
1550 4879 1635 4919 saeuos
1644 4873 1723 4932 atque
1731 4857 1918 4915 intolerabiles

1115 4971 1217 5024 ,sancto
1231 4961 1281 5016 lob
1293 4957 1561 5016 inferebantdulores
1577 4973 1583 5009 :
1597 4963 1625 5010 et
1643 4970 1693 5026 ego
1707 4955 1809 5017 fateor;
1828 4952 1875 5006 sed
1888 4949 1911 5006 si

1122 5067 1169 5122 per
1190 5063 1243 5106 tam
1267 5051 1365 5105 multos
1388 5065 1472 5106 aranos
1490 5049 1565 5106 Pauli
1578 5049 1710 5112 vet-bera,
1732 5055 1760 5100 et
1782 5059 1842 5100 cum
1854 5042 1912 5111 jugi

1122 5142 1193 5198 fante
1209 5144 1289 5198 etiam
1311 5143 1467 5206 nuditatem,
1481 5152 1598 5208 catenas,
1612 5155 1765 5208 carcerem,
1782 5139 1890 5193 insidias
1904 5177 1912 5200 ,

1123 5235 1293 5307 periculaque
1306 5234 1470 5300 eorisideres,
1484 5249 1543 5304 aaa
1557 5249 1570 5286 a
1586 5231 1754 5298 domesticis,
1775 5231 1809 5285 ab
1820 5239 1913 5285 extua-

1123 5326 1190 5389 neis,
1207 5339 1221 5378 a
1236 5326 1373 5396 tyrannis,
1386 5339 1403 5379 a
1427 5332 1483 5378 toto
1497 5333 1633 5393 postremo
1655 5322 1804 5391 patiebatur
1827 5319 1912 5374 orbe:

1123 5417 1204 5471 addas
1231 5417 1283 5470 buc
1304 5417 1384 5469 etiam
1398 5415 1440 5468 itis
1465 5413 1584 5483 profecto
1606 5413 1746 5477 attuariora,
1760 5411 1784 5464 id
1799 5419 1849 5472 est,
1864 5425 1914 5479 pro

1123 5510 1221 5580 eisqui
1246 5509 1420 5574 labebantur,
1442 5508 1568 5572 dolores,
1587 5505 1813 5568 sollicitudinem,
1835 5517 1920 5571 quiam·

1124 5615 1173 5670 pro
1187 5597 1312 5656 Ecclesiis
1326 5600 1459 5658 oniiiibus.
1475 5600 1620 5662 ustionem,
1636 5611 1716 5666 qnam
1739 5609 1786 5665 pro
1800 5593 1905 5648 scannia·

1124 5693 1210 5750 litatis
1224 5694 1333 5764 singolis
1346 5691 1505 5762 perferebat,
1518 5690 1686 5760 ridebisqnta
1697 5689 1768 5746 omiti
1779 5695 1836 5742 etat
1849 5699 1913 5742 sate
