4142 6342
288 318 293 326 ·
393 329 437 389 „q
749 329 777 386 s.
797 327 935 386 ioannis
953 325 1190 386 cnnvsosrast
1209 327 1368 390 auctura.
1389 332 1654 398 cousnsurmor.

1906 381 1928 437 *li

386 461 449 508 aum
468 449 557 506 anima
577 454 624 504 tuo
643 446 781 503 deuinctus
802 459 871 502 sam.
887 442 1045 516 llvrjusmedi
1057 441 1181 502 videlieet
1235 445 1319 502 otium
1333 461 1383 520 pro
1396 448 1497 506 deliciis
1519 451 1637 522 babens,
1652 463 1730 530 atque
1746 459 1857 536 ingenim
1870 493 1927 546 Q

386 537 510 597 amicitiae
537 537 649 610 pignora
671 535 749 593 nobis
763 527 981 638 injecisti,'dum
1001 542 1102 591 aarum
1117 549 1180 608 erga
1234 537 1431 597 observantiam
1453 550 1482 598 et
1504 544 1847 623 benevolentiam'obtinens.
1862 568 1928 650 qq,

388 643 431 686 me
444 627 641 686 observantiam
654 641 685 683 ac
697 625 909 682 benevolentiam
920 625 978 680 ustie
986 637 1042 696 praa
1051 631 1078 680 te
1086 623 1180 680 talistl.
1235 627 1386 687 valetudiue
1398 647 1503 704 queque
1514 642 1558 689 tua
1569 638 1674 707 cepada
1687 639 1796 701 letitiam
1808 630 1927 733 mnam

385 717 449 778 ldeo
466 715 706 790 quemcumque'lu
726 715 813 772 locum
827 715 1006 782 accesserim,
1021 712 1122 790 gratias
1133 713 1181 770 tibi
1233 734 1353 793 operam,
1367 729 1398 777 ut
1410 723 1535 794 crebras,
1545 725 1600 783 imo
1611 729 1731 788 assiduas
1741 733 1928 818 burum,

382 827 464 884 spere
478 812 589 869 minime
604 811 759 868 intermitto.
776 805 815 866 dc
827 816 854 884 te
865 821 940 880 roga,
954 813 983 862 ut
994 805 1028 862 ad
1042 817 1086 862 me
1099 819 1180 878 quam
1234 813 1366 885 totiusque
1375 815 1471 872 damus
1481 824 1534 873 tuae
1546 817 1699 881 valetudine
1712 828 1925 905 concientiam,¹¹

381 902 532 973 mepissime
554 903 730 974 ipsequoque
750 899 861 966 scribas,
877 911 910 954 ae
923 897 1014 954 detera
1028 895 1182 952 cataractae
1232 911 1285 960 tas.
1304 905 1373 962 ilinc
1391 907 1464 964 enim
1488 910 1680 982 amplissimam
1703 909 1876 981 consulationem
1891 950 1922 1002 pa

383 1007 428 1048 ma
450 991 533 1048 iacias
546 991 697 1049 certiorem.
713 991 770 1062 Ego
791 990 862 1046 enim
875 1031 884 1057 ,
897 987 940 1045 vla
953 989 1025 1044 muni
1039 987 1181 1058 tranquilia
1232 998 1345 1067 plenius,
1779 998 1782 1002 ’

383 1099 416 1142 ae
431 1094 489 1142 tuto
512 1085 644 1152 amurca,
666 1083 763 1140 cncasl
782 1082 868 1155 dego,
893 1081 944 1138 loci
965 1080 1081 1152 quierem
1099 1087 1180 1150 saque
1472 1141 1474 1145 ¹

813 1297 1087 1384 EJUSDEM
1114 1298 1406 1384 EPISTOLAE
1425 1303 1613 1388 LXVIII

1082 1491 1124 1536 db
1142 1489 1307 1540 BIVRRSOS.

382 1629 500 1690 Pansam
514 1630 542 1685 ia
556 1629 636 1688 lacem
647 1625 721 1683 edite
734 1639 800 1680 narare
812 1621 897 1690 itta,
911 1636 942 1676 cs
956 1619 1042 1676 codice
1057 1617 1108 1673 liv.
1121 1613 1230 1691 cellapii
1242 1619 1406 1690 mrtompiani
1414 1617 1511 1676 Sedet.
1526 1621 1599 1693 lm,
1611 1621 1753 1687 saonam
1766 1631 1848 1692 bucca
1865 1606 1936 1697 loa-⁴?

1018 1689 1223 1762 memorem,
1234 1689 1379 1762 incapacia
1724 1729 1727 1732 ,
1771 1727 1775 1731 .
1850 1683 1856 1708 ’
1902 1684 1937 1773 ᾗ

1118 1849 1305 1926 m
1750 1930 1754 1937 .
1935 1778 1937 1821 Ι

371 1991 533 2053 fflffl'.
547 1989 698 2065 Episcopla,
717 1989 882 2062 presbyteria,
904 1995 927 2042 ct
946 1983 1060 2040 diaconis
1070 1981 1178 2039 diatre-
1233 1977 1286 2026 Μ
1299 1971 1345 2029 libi
1358 1975 1544 2036 ululationem
1553 1981 1712 2056 pendeam,
1726 1995 1754 2043 et
1764 1956 1937 2053 rimarum

372 2093 376 2100 '
415 2081 746 2154 coronarumqscrtpn,
760 2088 916 2152 deputatur,
929 2091 989 2134 curn
1003 2075 1135 2132 cucusum
1149 2071 1177 2129 ia
1229 2063 1278 2119 ⁸³ss
1302 2067 1529 2128 commendarem.
1553 2073 1737 2143 mamabrem
1760 2079 1803 2135 iilo
1820 2083 1927 2146 interese¹

417 2175 539 2234 exsilium
553 2179 687 2247 pergeret,
702 2185 773 2228 aune
787 2169 864 2240 tot.)
1229 2165 1348 2226 aspectu,
1361 2173 1415 2230 quo
1428 2169 1454 2218 te
1466 2162 1552 2232 decet,
1567 2165 1677 2224 domium
1690 2169 1727 2224 mi
1739 2156 1937 2235 obsemadeem'

415 2265 491 2324 Beati
503 2279 552 2322 ros
565 2273 593 2320 et
605 2263 642 2320 ob
654 2261 769 2334 uincula,
783 2266 812 2317 et
823 2259 859 2317 ob
873 2248 990 2315 animum
1003 2271 1057 2329 qua
1070 2255 1176 2312 elacata
1228 2259 1399 2319 ⁸¹¹m¹¹top0re
1412 2250 1588 2323 admirande,
1608 2255 1644 2312 illi
1660 2257 1744 2316 rebus
1762 2260 1820 2331 ipsis
1833 2268 1927 2324 aeden

379 2348 518 2432 toleratis,
532 2370 561 2418 ct
579 2361 606 2417 in
627 2355 669 2417 lais
682 2343 836 2430 apostolicae
857 2353 1018 2413 lentitudinis
1039 2351 1176 2423 specimen
1229 2343 1331 2394 limile
1342 2354 1432 2412 aeque
1444 2341 1540 2413 ‘fusim
1554 2355 1646 2404 nosba
1666 2349 1743 2406 ilium
1756 2351 1802 2408 bae
1813 2358 1926 2428 munitaeq-

380 2451 514 2510 exhibetis
528 2468 536 2507 ε
550 2449 763 2523 quandoquidem
779 2446 817 2502 illi
829 2445 909 2502 ctiam
925 2443 989 2500 dum
1004 2441 1175 2514 iiapellaren·
1227 2431 1296 2486 ⁸¹⁰l³
1311 2430 1345 2486 ld
1359 2443 1385 2489 ¹0
1397 2437 1522 2506 uenisse,
1538 2439 1586 2494 ⁸0⁶
1605 2439 1703 2498 harum
1723 2443 1926 2506 interventonem

253 2553 260 2566 ·
380 2549 631 2612 canceraremur,
646 2531 1176 2604 acuincirentur,lacernultacumvu·
1226 2522 1339 2578 multam
1358 2525 1444 2594 ipsum
1463 2528 1534 2601 ²bud
1554 2538 1579 2587 te
1599 2518 1809 2594 benevolenciam
1826 2551 1848 2597 et
1862 2547 1926 2600 citet».

378 2635 481 2706 luptate
503 2631 672 2698 tolerabaat3
693 2643 780 2701 neque
801 2641 865 2684 sero
887 2635 990 2682 uratum
1011 2623 1095 2680 multa
1113 2637 1175 2679 cum
1227 2622 1442 2698 expertum-esse.
1453 2617 1499 2675 Sic
1508 2621 1579 2678 euim
1589 2623 1644 2692 iiet,
1654 2633 1686 2681 ut
1694 2634 1722 2683 et
1730 2631 1936 2708 uosmultansoma

379 2726 515 2796 calamato
529 2723 697 2788 tolcmbant,
721 2721 769 2778 sed
790 2720 871 2780 eciam
890 2719 954 2776 dum
973 2717 1075 2786 eatenis
1093 2713 1175 2770 vincti
1227 2707 1280 2757 ‘¹¹³2
1293 2703 1302 2737 ⁸
1317 2706 1430 2776 graciam
1445 2709 1593 2782 babemus,
1613 2715 1689 2785 quod
1707 2725 1779 2774 tauto
1794 2702 1936 2778 lieetaelsl

379 2823 479 2882 esseut,
494 2828 544 2871 sua
556 2827 667 2870 munere
681 2811 868 2882 inungebantur,
884 2815 911 2864 et
925 2808 958 2863 da
973 2816 1029 2864 toto
1043 2814 1174 2862 arrarum
1226 2793 1348 2885 locorum
1362 2798 1513 2870 intervallo,
1529 2819 1579 2876 per
1589 2807 1735 2878 epistolam
1749 2819 1798 2866 tua
1810 2814 1927 2868 cariudme

377 2905 444 2964 orlac
455 2904 658 2962 solliciti-erant.
672 2900 802 2972 Quocirca
816 2907 931 2954 nestram
944 2898 1023 2954 etlam
1035 2896 1174 2954 ceritatem
1226 2885 1292 2945 liare
1311 2904 1343 2946 ac
1365 2893 1548 2964 conglutinare
1564 2897 1707 2970 ‘possimus
1727 2917 1790 2970 eas,
1808 2906 1844 2976 qut
1859 2906 1937 2976 paine}

378 3013 437 3068 uro,
453 3005 483 3054 ut
496 3012 531 3054 ne
543 2995 643 3052 idcirco
655 2994 746 3048 animo
759 2989 923 3058 concidatis,
939 2988 986 3045 secl
1000 2989 1100 3060 quauta
1114 2979 1173 3042 ma·
1226 2983 1408 3053 percupiunt:
1421 3000 1457 3042 er
1471 2988 1567 3060 quibus
1578 2974 1648 3048 urias
1661 2992 1711 3050 hic
1727 3006 1767 3050 est
1779 2974 1937 3054 samnaticag

377 3088 464 3160 iovem
478 3085 554 3161 vobis
576 3082 682 3142 sentitis
702 3081 786 3159 irrbigi
803 3079 923 3136 dolorem
937 3094 970 3134 ex
984 3079 1016 3134 iis
1029 3093 1090 3148 quac
1104 3076 1173 3148 pati·
1221 3073 1315 3167 xvitatis
1324 3091 1416 3134 amore
1427 3079 1620 3141 inflammatus:
1629 3099 1713 3156 quam
1724 3087 1758 3144 ob
1767 3100 1937 3164 cananeas,

377 3175 454 3244 nalal,
471 3183 545 3232 tanto
564 3175 645 3232 etiam
663 3173 791 3250 majorem
807 3170 889 3226 animi
902 3169 1066 3250 alacritatem
1080 3175 1173 3224 osten·
1224 3165 1314 3223 studia
1327 3165 1375 3223 iras
1389 3183 1405 3225 a
1420 3182 1463 3226 me
1474 3171 1565 3230 literas
1578 3177 1734 3246 postulavit.
1935 3170 1936 3177 ’

376 3268 552 3340 dite,vosque
561 3264 673 3337 stragulis
681 3262 776 3320 diebus
784 3261 965 3318 Ecclesiarnm
974 3274 1067 3316 curam
1075 3257 1172 3332 perite,
1314 3258 1465 3318 CLXXl’l.
1479 3263 1618 3338 lleapciu'o.
1634 3269 1754 3341 (Cueuso
1765 3275 1888 3342 annulli]

376 3375 437 3430 quc
451 3359 478 3414 in
491 3364 550 3414 tota
562 3364 626 3412 sunt
637 3355 703 3411 orbe
717 3361 860 3421 terrarum,
874 3361 904 3406 ut
915 3351 1081 3408 mancaleus
1093 3349 1173 3404 malis
1259 3349 1314 3408 llos
1325 3363 1353 3409 et
1366 3366 1524 3426 praesentem
1537 3359 1633 3425 intueri
1648 3371 1676 3421 te
1689 3366 1814 3436 cupimus,
1824 3367 1937 3423 sadanma

327 3523 330 3531 Ι
376 3448 525 3505 remedium
539 3446 708 3512 adhibeatur,
731 3457 817 3512 neque
838 3441 938 3498 ideireo
959 3439 1109 3496 reddamini
1126 3453 1172 3494 se·
1222 3440 1469 3522 jucundissimaque
1482 3460 1527 3506 tuo
1540 3465 1688 3526 conpressu
1702 3456 1763 3513 imi.
1776 3458 1822 3514 Sed
1831 3460 1937 3530 quotane,

295 3583 296 3588 η
377 3539 505 3612 quiores,
519 3537 591 3609 quud
608 3549 722 3594 numero
743 3549 841 3606 paucus
862 3548 910 3590 vos
928 3547 988 3589 esse
1009 3531 1131 3599 rideatis,
1145 3539 1173 3588 ct
1224 3532 1276 3588 ime
1290 3533 1417 3601 dildcile,
1432 3553 1495 3595 eum
1510 3553 1620 3614 propter
1632 3546 1737 3604 itiucris
1749 3526 1937 3612 difficaltatemtn

376 3627 450 3702 quod
471 3626 648 3700 undequaque
668 3625 811 3682 veremini.
834 3623 893 3681 Nan
912 3623 984 3680 enim
1005 3621 1114 3679 dubium
1130 3631 1173 3679 est
1223 3633 1332 3695 propter
1347 3629 1462 3699 negotia,
1478 3645 1510 3688 ac
1522 3604 1937 3707 corporisimbccillitatemmesbl

376 3724 442 3797 quin
453 3762 462 3791 ,
475 3736 536 3778 curu
555 3736 588 3778 ex
610 3719 724 3792 hisquae
737 3719 859 3789 patimini
873 3715 1001 3789 majorem
1015 3717 1089 3774 uobis
1102 3716 1172 3790 apud
1223 3716 1334 3784 tionem,
1347 3735 1407 3791 qum
1420 3717 1565 3794 percipitur
1575 3743 1610 3784 ex
1622 3729 1729 3797 literis,
1744 3734 1925 3803 requirinmqm

376 3814 461 3873 ileum
472 3812 596 3874 ilduciam
608 3810 766 3879 concilietis,
778 3810 893 3880 maiores
908 3807 969 3864 iadc
981 3822 1087 3880 qnoque
1100 3808 1172 3888 vires
1223 3821 1311 3879 neque
1322 3813 1444 3882 corporis
1455 3815 1597 3886 agritudo,
1612 3831 1702 3891 nemra
1713 3823 1833 3893 asperitas
1841 3822 1926 3888 tmmp

375 3905 499 3978 adepturi
511 3905 580 3980 sitis.-
593 3904 660 3960 bate
674 3903 754 3976 igitur
763 3916 882 3974 operam,
892 3909 922 3974 pt
933 3917 995 3958 cam
1004 3915 1066 3958 sese
1075 3900 1171 3958 allevet
1223 3908 1276 3956 test
1290 3901 1506 3976 interrumpere.'
1519 3908 1577 3964 liae
1599 3910 1681 3982 iqitur
1700 3929 1750 3970 nos
1769 3915 1837 3970 affice
1853 3912 1926 3970 meib

375 3999 501 4068 occasio,
521 3997 639 4055 studium
658 4005 686 4054 et
707 3997 869 4052 alacritatem
886 3995 1054 4063 exhibeatis,
1069 4010 1100 4052 ae
1113 4003 1171 4051 tom
1221 3995 1294 4066 quod
1307 3987 1336 4054 et
1346 3999 1483 4068 lanceat,
1499 4008 1527 4058 et
1547 4002 1659 4062 mirrime
1677 4007 1926 4076 motatumndanq

375 4107 425 4166 per
438 4106 487 4150 ros
500 4091 588 4163 ipsas,
604 4099 660 4147 tum
675 4104 723 4161 per
735 4090 802 4145 alios
823 4102 1022 4162 quoscumque,
1038 4102 1087 4159 per
1103 4101 1171 4158 quos
1223 4085 1302 4143 nobis
1322 4087 1487 4160 voluptatem
1505 4091 1600 4162 adera,
1616 4104 1643 4152 ct
1660 4108 1821 4154 contractam
1829 4108 1926 4163 enonas

375 4185 501 4252 licuerit,
515 4199 548 4241 ea
560 4184 651 4242 iacere
664 4197 696 4240 ae
709 4182 799 4240 dicere
811 4181 935 4250 studete,
951 4195 1011 4252 qua
1026 4181 1170 4252 precellam
1221 4174 1399 4248 disjunctione
1410 4184 1564 4240 mestitiam
1573 4199 1628 4244 non
1640 4190 1807 4248 mediocriter
1815 4184 1925 4259 mitigatis

376 4285 502 4349 poterant
524 4285 644 4333 exortam
661 4275 766 4332 sedare.
782 4274 827 4331 Sic
848 4275 919 4330 enim
942 4273 1058 4328 manime
1075 4268 1171 4342 proilci
1222 4265 1276 4326 laec
1292 4271 1390 4328 solatio
1408 4273 1432 4329 si
1451 4274 1583 4344 fruamur,
1594 4289 1623 4336 et
1634 4296 1686 4338 aas
1698 4291 1780 4354 prope
1796 4278 1926 4338 essearbrb

375 4369 484 4440 poterit,
495 4369 518 4425 si
530 4382 578 4426 vos
586 4369 702 4425 studium
713 4367 904 4434 adhibueritis:
915 4365 986 4437 qaod
998 4366 1021 4420 si
1032 4363 1097 4420 nihil
1109 4379 1171 4436 pro·
1222 4375 1294 4428 mur,
1305 4371 1333 4418 et
1346 4374 1475 4435 perpetuo
1487 4383 1548 4426 cam
1563 4374 1715 4444 reverencia
1727 4385 1771 4430 ata
1781 4376 1870 4431 remei.
1881 4367 1926 4425 svb·

375 4460 418 4518 ilci
432 4461 564 4534 potuerit,
578 4475 626 4517 ros
640 4461 815 4516 nibilominus
829 4458 864 4515 ob
879 4459 948 4514 hane
971 4458 1054 4514 animi
1073 4458 1168 4529 alacri·
1221 4452 1293 4509 enlm
1307 4455 1350 4512 vel
1362 4457 1421 4526 sola
1433 4460 1531 4518 carius
1544 4464 1578 4518 ad
1591 4464 1825 4546 boepraemqqdum
1836 4481 1843 4519 :
1853 4464 1925 4520 ,mma

375 4555 458 4610 tatem
473 4553 622 4610 mercedeiu
636 4569 652 4610 a
666 4552 781 4624 benigno
797 4553 851 4608 ileo
865 4553 1009 4623 recipietis.
1221 4552 1311 4603 samen
1323 4553 1479 4609 accessione
1497 4558 1676 4614 cumulabitur
1692 4559 1748 4631 ipsa
1767 4559 1838 4614 animi
1852 4550 1925 4625 aqum

398 4642 533 4701 CLXXV.
546 4645 669 4717 Apopeto.
685 4641 800 4718 (Cucusa
811 4656 882 4698 anne
893 4642 957 4712 tot,
971 4651 1001 4697 ut
1013 4643 1143 4714 putatur.)
1220 4639 1244 4697 si
1258 4639 1398 4698 literarum
1409 4643 1531 4702 subsidio
1541 4647 1659 4718 juvetur.

408 4736 507 4794 linitos
519 4737 600 4794 subiit
612 4747 640 4796 et
651 4736 793 4796 continuos
805 4735 917 4794 sudores
931 4734 1170 4794 reverendissimus
1221 4728 1317 4787 CLXX
1324 4731 1550 4792 climentiae
1561 4737 1679 4805 (Cuoaso
1688 4752 1766 4807 anno,
1775 4747 1800 4795 aa
1809 4728 1924 4810 potamii

374 4845 405 4888 ac
418 4829 633 4902 religiosissimus
646 4828 785 4904 presbyter
798 4829 924 4886 dominus
937 4844 1014 4886 meus
1029 4828 1169 4900 Elpidius,
1256 4821 1351 4896 lia'qra
1365 4828 1607 4900 teeomplerumm
1623 4832 1710 4902 ipsum
1731 4823 1926 4889 benevalentiada·

312 4927 313 4930 ’
373 4921 438 4982 duur
453 4921 532 4994 hujus
547 4907 646 4979 mentis
659 4919 770 4989 incolas,
784 4920 836 4977 lmc
847 4931 889 4978 est
903 4920 1010 4987 duaaui,
1022 4919 1112 4976 studet
1126 4930 1167 4986 ea,
1220 4926 1363 4975 uacuaeos
1375 4917 1926 4992 memmusarutrrmasesc,sieantiena

374 5027 426 5085 qua
437 5011 599 5081 detinentur,
611 5013 747 5086 impietate
760 5011 882 5067 liberare.
898 5009 1010 5082 lamque
1021 5010 1089 5066 adeo
1101 5007 1169 5065 libe·
1220 5011 1286 5068 stris
1298 5018 1352 5068 tuve
1364 5013 1489 5071 suavitati
1500 5029 1533 5072 sc
1544 5015 1664 5073 sisteret.
1677 5017 1716 5072 ila
1731 4999 1926 5088 iqitoropevand‘

374 5103 465 5174 ravit,
481 5113 508 5160 ct
519 5103 629 5162 abduxit
642 5121 690 5162 eos
702 5104 735 5160 ab
747 5118 854 5167 errore,
869 5101 1016 5158 construxit
1030 5103 1166 5170 ecclesias,
1216 5103 1295 5170 ,raiae
1314 5098 1353 5160 riri
1373 5103 1517 5175 plurimum
1530 5107 1704 5176 venerande,
1724 5118 1752 5166 ut
1763 5120 1797 5164 ae
1813 5103 1926 5176 mobili*

375 5205 402 5254 et
417 5195 578 5254 monasteria
590 5195 773 5262 credidimus,
788 5203 868 5264 atque
882 5193 940 5249 hacc
954 5194 987 5249 ab
999 5193 1060 5249 aliis
1074 5193 1169 5250 nobili·
1216 5194 1375 5263 trustretar,
1390 5205 1491 5256 etcum
1503 5211 1536 5256 ca
1550 5213 1602 5271 qna
1614 5215 1664 5272 par
1674 5210 1716 5257 est
1728 5202 1798 5259 illam
1808 5184 1926 5262 exceperitl

375 5297 417 5346 tas
432 5295 476 5345 tua
497 5289 596 5360 poterit
613 5288 771 5359 intelligere.
790 5283 903 5354 Quande
922 5285 1001 5356 igitur
1019 5286 1078 5357 pios
1097 5287 1170 5342 viros
1222 5287 1373 5344 nescientia
1386 5330 1394 5358 ,
1406 5291 1437 5348 si
1451 5291 1516 5362 quid
1530 5307 1636 5364 mquam
1648 5309 1681 5350 aa
1692 5292 1784 5350 rationi
1796 5287 1926 5346 mqmnuue

376 5383 456 5449 atque
474 5393 621 5450 generosas
640 5393 656 5433 a
670 5385 696 5432 te
709 5378 765 5433 scio
777 5373 949 5432 veliementer
963 5375 1099 5442 adamari,
1116 5393 1169 5433 nou
1221 5388 1314 5451 petat,
1328 5394 1481 5454 promptum
1493 5426 1501 5453 ‚
1515 5401 1626 5457 quaeso,
1639 5403 1672 5444 ae
1685 5379 1841 5459 paratum'ilii
1853 5389 1871 5432 te
1879 5365 1926 5442 pub

376 5469 539 5526 mediocrem
553 5485 568 5525 a
584 5478 610 5525 te
630 5467 740 5540 qratiam
762 5467 889 5538 initurum
913 5481 957 5548 me
975 5467 1057 5534 novi,
1071 5469 1094 5523 si
1107 5483 1168 5524 eum
1221 5473 1314 5546 illique
1326 5477 1408 5533 rebus
1417 5479 1483 5550 ipsis
1492 5479 1603 5536 ostende
1611 5495 1665 5535 non
1678 5481 1772 5536 frosm
1778 5472 1926 5533 rtqeremrnbl

377 5555 527 5618 albinetum
541 5560 637 5648 iaciant
649 5599 659 5628 ,
671 5558 748 5628 eujus
763 5567 817 5613 tam
831 5556 959 5627 praeclara
977 5566 1084 5613 exstant
1105 5557 1170 5616 iaci·
1221 5568 1307 5624 lthrjq
1318 5570 1418 5628 nugaris
1438 5573 1527 5642 ipsam
1548 5571 1584 5628 qq
1602 5579 1630 5628 ιθ
1643 5573 1745 5630 ventsse
1757 5589 1765 5625 ς
1778 5567 1819 5629 scd
1830 5562 1855 5619 ad
1864 5554 1923 5614 oili*

378 5665 444 5707 nura
458 5652 553 5718 simui,
568 5660 598 5707 ut
611 5664 779 5722 quacumque
789 5647 850 5704 dara
860 5654 1001 5704 occasloae
1013 5655 1040 5704 te
1052 5648 1170 5706 salutare

380 5743 527 5812 contendo,
542 5741 704 5814 adjiciendas
719 5740 768 5796 luas
780 5738 872 5794 censui
887 5737 996 5810 literas,
1012 5746 1041 5796 ut
1056 5747 1084 5796 et
1095 5739 1169 5797 debi·
1218 5792 1221 5799 .
1254 5752 1263 5784 ¹
1279 5753 1442 5810 moues..
1454 5747 1571 5802 mecei
1586 5755 1646 5802 ma.
