4142 6342
253 401 316 466 ιιι
521 365 526 380 ’
613 392 644 450 s.
661 383 802 448 totums
820 373 1059 447 cunrsosvouv
1075 371 1235 435 tncnvse.
1252 369 1523 434 cunsrtnrtnoe.
1841 373 1894 432 nn

253 535 317 581 nem
338 525 347 577 t
366 514 427 576 tere
446 512 520 572 enim
540 507 662 568 tarnem
681 499 789 575 aliquod
813 499 912 558 bonum
937 511 971 554 ex
995 494 1047 552 bae
1134 487 1215 561 begea
1225 485 1340 544 carimia
1350 501 1413 558 argo
1423 482 1693 557 praebeam-iim
1702 483 1895 558 quippeipsom

253 613 391 673 dilatione.
414 609 448 666 Et
466 613 651 666 commonear
672 595 772 669 populo
793 590 1000 666 supplicationes
1011 584 1048 644 ad
1100 579 1263 641 cthristua
1275 579 1435 648 declarans,
1456 587 1486 635 ea
1502 577 1692 636 demonstrans
1709 594 1740 636 se
1762 580 1829 636 anilii
1842 596 1893 638 no·

208 739 215 763 ,
253 706 383 778 benignas
394 699 528 758 iieiaures
540 689 740 754 emittebantur,
750 693 780 742 ut
792 691 912 742 servaret
920 678 1049 752 reliquias
1099 681 1239 744 vum,aut
1249 682 1371 730 nostram
1382 669 1574 728 transcendens
1587 680 1709 728 naturam
1720 673 1834 737 sancire,
1847 673 1896 730 sed

254 795 389 862 eiritatis,
413 803 464 848 nec
488 787 573 858 ipsam
594 798 610 839 a
632 776 811 839 iunviamentis
833 773 942 848 ponitus
963 769 1048 830 everti
1100 768 1146 838 id,
1168 765 1240 841 quod
1256 765 1417 840 aprineipio
1436 764 1609 822 eonscientiae
1628 763 1762 822 indiderat
1783 775 1894 832 nostra,

254 890 366 946 sineret.
385 881 441 940 uec
452 877 545 936 videre
563 875 661 932 licebat
673 883 833 946 quemquam
847 881 900 924 non
915 865 974 922 inec
985 879 1048 921 cum
1100 869 1162 936 post
1173 858 1342 917 multasiiias
1352 854 1531 914 beatitudines
1544 855 1581 914 ita
1598 855 1706 914 dicebat
1720 873 1727 914 :
1741 859 1805 927 Qun
1821 858 1897 916 antiis

253 977 380 1052 lacrymis
400 975 559 1032 clamantem
574 986 582 1026 ι
597 975 778 1024 verumtamen
792 961 857 1019 nibil
870 975 962 1022 eorum
973 955 1050 1028 iudi·
1100 961 1129 1009 at
1141 952 1236 1024 [ιιίιιι
1248 949 1317 1006 nobie
1329 948 1454 1016 berdan,
1467 947 1522 1004 irco
1533 957 1558 1005 et
1569 965 1613 1005 roa
1623 950 1772 1021 preiteiprir
1786 950 1894 1022 (botri.

253 1068 419 1130 eesioterius
431 1078 526 1123 cavvsat
538 1060 676 1120 audientes
687 1067 750 1114 tune
765 1053 867 1112 inflexit
881 1068 892 1109 ι
905 1050 953 1108 sed
965 1063 1048 1106 unum
1102 1046 1130 1102 'i.
1143 1044 1201 1118 12).
1215 1042 1274 1101 Non
1286 1057 1355 1114 opus
1363 1049 1405 1098 est
1411 1039 1504 1098 moitis
1510 1043 1689 1110 sermonibus,
1701 1042 1796 1116 inquit,
1811 1059 1897 1117 nequo

253 1161 341 1220 ιιΙιιι
356 1155 553 1231 respiciebant,
574 1161 601 1208 ut
618 1150 731 1223 diligens
749 1145 951 1204 commissorum
972 1155 1049 1213 quae-
1100 1136 1212 1210 proiiria
1228 1134 1347 1209 iegibus,
1368 1148 1420 1192 nec
1432 1135 1507 1191 varia
1516 1133 1638 1193 doctrina
1649 1152 1659 1194 t
1671 1138 1795 1194 voluutas
1807 1146 1851 1194 tua
1863 1139 1898 1196 sit

253 1255 308 1314 stio
319 1253 412 1320 lieret,
433 1257 462 1307 et
474 1257 610 1326 postremo
623 1243 726 1301 catenis
739 1239 804 1312 ipsis
816 1237 922 1309 injectis
945 1235 972 1292 in
986 1249 1050 1292 car·
1102 1229 1156 1287 ier.
1177 1229 1224 1286 tta
1244 1226 1374 1285 beneticia
1395 1227 1511 1298 caperet
1530 1227 1624 1285 conten
1636 1227 1796 1286 beneficium
1809 1230 1897 1288 aliteri.

168 1329 170 1332 ⁵
253 1361 344 1407 ocrem
366 1359 415 1416 per
430 1339 548 1402 medium
561 1338 650 1398 lorum
671 1335 802 1408 agebant,
823 1330 945 1386 bomines
964 1341 1050 1399 equos
1101 1320 1150 1380 iis
1169 1319 1379 1380 misericordiam
1395 1320 1547 1392 consequia
1567 1321 1698 1380 itenere
1709 1321 1836 1394 proximi.
1852 1322 1898 1380 iiis

253 1436 449 1512 domiaientgo,
466 1431 556 1490 bravia
569 1440 719 1502 pmponere
733 1424 840 1502 soiitos,¹
852 1421 957 1492 aliaque
969 1417 1051 1474 innu-
1102 1416 1223 1474 laudarit
1244 1416 1322 1497 lauda
1344 1421 1438 1478 alium.
1460 1418 1509 1476 Via
1526 1415 1632 1473 amarit
1649 1431 1721 1472 arna.
1732 1415 1780 1473 liis
1798 1417 1898 1488 primas

191 1593 193 1596 ,
253 1545 329 1588 mera
342 1528 462 1600 valentes
473 1523 586 1580 clariora
600 1531 742 1576 numerare
756 1515 842 1571 oibeia
857 1532 864 1568 ι
879 1507 1050 1582 bonapubii·
1102 1508 1222 1568 baberet
1242 1511 1361 1570 ιιιιιᾱι
1374 1512 1436 1570 iiias
1448 1511 1523 1585 prius
1543 1508 1633 1567 alteri.
1658 1508 1700 1566 Τι
1713 1508 1856 1581 sisjudes,
1869 1518 1899 1566 tu

254 1623 367 1688 cabant,
383 1629 410 1678 et
423 1618 451 1674 io
467 1615 586 1673 omnium
602 1611 702 1668 loribus
714 1607 848 1680 signacula
861 1618 973 1662 eernere
985 1602 1051 1658 iice-
1102 1602 1142 1658 sis
1151 1602 1212 1659 vitre
1226 1612 1278 1659 tuse
1291 1603 1439 1676 legislator.
1458 1604 1493 1661 tta
1509 1619 1617 1661 mrsum
1630 1620 1638 1659 t
1652 1601 1728 1670 Quod
1743 1602 1821 1658 odisti
1829 1643 1838 1668 ,
1851 1603 1898 1658 ulit
1969 1618 1976 1624 ·

253 1714 310 1772 bat.
324 1713 359 1768 ill
377 1710 472 1766 borum
488 1719 585 1762 uxores
598 1711 707 1776 paterna
719 1699 800 1756 domo
813 1697 924 1770 ejecto,
938 1695 1051 1767 singulm
1102 1708 1135 1748 ae
1148 1693 1230 1766 {edm
1241 1691 1318 1765 (iob.
1327 1695 1354 1750 i.
1369 1694 1425 1768 lb).
1443 1693 1497 1752 Per
1511 1693 1564 1750 boc
1575 1691 1684 1766 quidem
1697 1707 1714 1748 a
1726 1693 1798 1748 malo
1809 1691 1898 1765 ingara

253 1804 321 1862 iliud
339 1801 430 1860 usvvris
452 1798 504 1856 iob
524 1813 571 1870 per
593 1810 674 1868 opera
698 1793 844 1865 implebant
859 1809 865 1848 :
882 1791 991 1846 domum
1015 1803 1051 1846 cx
1102 1781 1225 1851 inducit,
1240 1800 1290 1856 per
1305 1783 1373 1842 iilud
1392 1793 1483 1842 ιιιιιι
1495 1785 1602 1842 virtutis
1613 1784 1808 1856 operationem.
1822 1781 1898 1850 Quod

253 1895 336 1952 domo
353 1901 382 1948 et
403 1891 493 1948 iocum
506 1905 540 1946 et
557 1889 618 1944 ioco
631 1886 827 1954 circumibunt,
850 1882 989 1940 diversorii
1005 1881 1049 1937 in·
1102 1876 1190 1946 odini,
1200 1877 1384 1951 aliiaefocicr.
1397 1876 1483 1936 Odisti
1493 1876 1682 1934 contumeliam
1694 1875 1766 1948 patii
1777 1875 1899 1932 neaiium

148 1971 156 1984 ⁸
253 1959 376 2060 digeutes
399 2001 407 2040 ι
430 1981 564 2039 necenim
579 1979 799 2050 ivoeipsumcrat
821 1977 887 2048 ipsis
913 1974 1050 2032 iaeiiore·
1102 1969 1390 2028 aiiiciaseontomeiia.
1413 1969 1501 2028 Odisti
1520 1968 1648 2027 invidiam
1666 1968 1740 2039 petil
1763 1982 1851 2040 tueque
1871 1976 1899 2024 tu
1933 1955 1942 1976 ¹

253 2076 362 2150 perire,
386 2087 544 2146 unoquoque
567 2071 676 2126 tianente
697 2079 724 2126 ct
746 2077 878 2126 tremente
898 2065 1051 2138 quempiam
1102 2063 1181 2121 alteri
1203 2062 1334 2120 invideas.
1359 2061 1429 2120 Odio
1450 2062 1536 2119 babes
1561 2061 1642 2118 tattit
1665 2075 1753 2132 neque
1772 2068 1801 2115 tu
1822 2057 1901 2115 iaiias

252 2181 362 2226 neomm
376 2163 588 2226 necessariorum
603 2161 740 2232 suscipere
751 2168 779 2216 ct
787 2174 859 2216 curm
874 2158 983 2214 babere.
1102 2157 1195 2215 alium.
1219 2157 1255 2214 Et
1271 2171 1336 2213 vero
1356 2154 1385 2212 in
1406 2155 1531 2212 omnibus
1554 2154 1703 2229 generatim
1722 2154 1746 2210 si
1767 2152 1825 2209 baec
1843 2152 1899 2208 dvro

289 2257 429 2316 &bomne
450 2256 619 2312 adalricum
639 2253 718 2310 dveit.
734 2280 769 2294 -
794 2252 984 2308 Verumtamen
1007 2257 1050 2308 iot
1102 2250 1185 2307 verba
1206 2249 1390 2316 retineamus,
1412 2248 1464 2303 alia
1486 2246 1627 2318 disciplina
1641 2262 1695 2304 nou
1709 2245 1899 2318 indigebimus.

253 2350 301 2410 iiia
317 2349 399 2422 passi,
412 2347 537 2404 omnibus
554 2344 833 2410 biscontentierant,
855 2342 981 2415 quoniam
995 2341 1050 2399 vita
1102 2340 1217 2398 Virtutis
1239 2341 1311 2398 enim
1337 2338 1520 2412 cognitionem
1545 2336 1642 2395 indidit
1667 2337 1766 2394 animm
1787 2346 1900 2404 nostroe,

253 2455 310 2498 noo
323 2435 615 2510 excideraotpraescnti
629 2453 637 2492 ι
651 2444 678 2492 ιι
696 2432 966 2506 nequepecuniarum
980 2431 1051 2488 moi·
1101 2432 1236 2490 actionem
1261 2447 1328 2488 vero
1351 2440 1379 2488 et
1400 2429 1615 2488 emendationem
1639 2429 1771 2486 voluntati
1800 2437 1900 2486 oostrm

253 2539 298 2590 cta
311 2573 320 2598 ,
334 2545 421 2604 neque
435 2528 596 2602 ignominia,
610 2541 696 2598 neque
711 2533 783 2582 tanta
798 2523 947 2592 traductio,
961 2538 1051 2596 nequo
1101 2526 1245 2584 noncessit.
1264 2525 1399 2583 Fortassis
1412 2525 1555 2584 obscurum
1566 2533 1611 2597 est·
1627 2522 1699 2596 quod
1715 2521 1832 2580 dicitur:
1848 2522 1899 2594 igi·

252 2622 441 2696 quodcumque
458 2617 531 2677 aliud
543 2616 694 2690 hujusmodi
709 2617 782 2688 ipsos
794 2614 944 2672 mordebat.
966 2613 1049 2670 Gaia·
1101 2626 1147 2676 ιιι
1159 2618 1187 2676 ιιι
1203 2619 1292 2690 ipsum
1306 2616 1476 2674 ιιιιιῑιιιιιιι
1496 2615 1609 2674 rendere
1621 2614 1750 2672 conabor.
1777 2613 1812 2671 tlt
1828 2614 1899 2691 setn7

252 2717 354 2774 mitatis
371 2714 443 2772 enim
459 2711 630 2784 magnitudo,
650 2719 679 2768 et
692 2709 794 2780 maiora
807 2707 850 2764 bis
868 2706 987 2780 patiendi
998 2721 1051 2762 er·
1101 2710 1242 2783 mnsqnerl
1254 2711 1355 2768 benum
1366 2708 1606 2781 sittemperanula,
1620 2723 1674 2764 non
1687 2722 1755 2779 opus
1769 2705 1901 2762 babemus

250 2807 391 2882 spectatio,
406 2820 500 2863 corum
512 2805 616 2860 anivnos
630 2799 811 2874 philosophari
825 2808 928 2856 tantuma
940 2797 1047 2856 eiieoit:

252 2909 281 2958 et
294 2907 357 2958 tunc
368 2897 524 2964 discebant,
539 2910 619 2966 nquam
632 2893 717 2950 iaciiis
732 2892 768 2948 sit
780 2891 857 2948 nobis
871 2891 965 2960 virtus,
981 2906 1048 2962 pro·

244 2991 328 3064 ,clivis
340 2997 369 3048 et
387 2987 530 3060 expedita,
553 2995 582 3042 et
599 2985 671 3058 quoti
691 2999 740 3056 per
760 2992 882 3042 nostrum
910 2982 1050 3040 dumtaxat

251 3081 403 3155 neglectum
424 3077 556 3135 laboriosa
572 3091 617 3133 res
638 3089 698 3132 esse
717 3075 849 3132 videatur.
871 3075 904 3131 iii
916 3074 988 3132 enim
1002 3074 1049 3147 qui

251 3173 333 3247 paulo
358 3181 421 3229 anto
445 3170 611 3228 modicarum
635 3169 763 3227 moiemm
790 3170 963 3241 pecutnarum
993 3185 1049 3227 uon

251 3279 330 3338 aequo
343 3263 476 3330 tulerunt,
498 3261 600 3332 majore
612 3259 698 3333 pressi
712 3259 870 3327 iormidiuc,
884 3275 945 3318 cum
956 3260 1049 3317 omnia

252 3372 300 3414 sua
314 3355 485 3421 amisissent,
500 3367 533 3408 ac
548 3353 570 3408 si
584 3351 739 3432 thesaurum
756 3351 938 3418 invenissent,
960 3352 1001 3409 sic
1017 3366 1058 3410 se·

252 3447 397 3516 babebant,
410 3447 534 3519 quoniam
553 3446 668 3502 animam
687 3460 741 3500 oon
755 3443 936 3516 perdiderant.
955 3442 1048 3516 itaque

252 3541 277 3600 ei
288 3539 384 3596 luturae
396 3553 492 3596 sensus
502 3537 632 3610 gebenna
644 3550 694 3593 nos
707 3544 828 3606 teneret,
847 3545 876 3592 ot
893 3535 1049 3593 intolerabi-

245 3631 293 3703 les
305 3631 363 3688 ilias
375 3631 553 3702 cogitaremus
572 3643 685 3702 poenas,
700 3629 805 3686 edumei
817 3643 874 3686 rem
889 3636 916 3685 et
929 3629 1048 3686 animam

252 3731 389 3794 eteorpus
403 3721 449 3779 ilci
462 3721 564 3795 iegibus
577 3720 798 3788 tradidissemus,
815 3735 868 3777 nou
880 3718 1046 3788 doleremus,

252 3815 368 3874 scientes
389 3813 460 3886 quod
486 3813 586 3885 majora
609 3811 789 3880 lucrabimur,
810 3827 826 3867 a
849 3810 945 3868 iuturis
968 3810 1047 3868 maiis

253 3905 447 3966 liberationem.
472 3905 555 3962 Forte
578 3919 625 3960 cor
644 3913 762 3960 restrum
786 3918 840 3960 non
855 3919 948 3976 parum
960 3903 1047 3960 dieto-

252 4014 311 4058 rum
323 3997 470 4070 deploratio
483 3996 595 4053 mollivit
609 4013 616 4064 ;
631 3994 677 4052 sed
692 4010 726 4052 ne
739 3995 906 4068 ieratisrogre
922 4013 929 4050 :
946 3997 1046 4051 etenim

252 4087 377 4164 quoniam
392 4089 545 4146 subtiliores
569 4103 627 4144 suin
650 4102 825 4160 aggressurus
846 4087 1004 4155 sententias,
1018 4095 1048 4145 et

192 4171 195 4180 ’
252 4181 382 4238 ratoiiioris
401 4179 508 4252 indigeo
525 4180 639 4246 meotis,
659 4178 711 4236 boc
729 4178 781 4236 ieci
795 4178 828 4235 de
851 4179 1001 4235 industria:
1017 4188 1048 4235 ut

252 4272 412 4332 enarrationis
425 4273 519 4329 timore
532 4287 609 4328 mens
622 4281 708 4328 vestra
718 4272 791 4329 omni
801 4281 908 4344 torpore
919 4287 1044 4338 excusso,

252 4365 287 4422 ob
297 4365 420 4424 omnibus
440 4380 588 4438 exsurgens
605 4365 769 4432 vitatenus,
793 4365 876 4421 muita
888 4381 948 4422 cnm
963 4366 1047 4423 iaciii-

252 4467 306 4516 tate
329 4457 357 4514 in
377 4457 473 4514 animm
491 4455 650 4530 protundum
671 4456 843 4514 dicendorum
859 4457 983 4515 virtutem
995 4457 1045 4516 dc·

252 4554 350 4611 mittat.
593 4541 596 4548 '

287 4647 314 4702 5.
327 4644 398 4702 Satis
410 4643 490 4717 igitur
503 4652 529 4700 et
543 4645 616 4715 prius
635 4642 712 4700 nobis
730 4659 820 4700 sermo
840 4643 1043 4711 demonstravit,

252 4733 322 4808 {uod
343 4734 473 4790 naturalis
490 4733 569 4791 nobis
587 4735 622 4790 sit
642 4735 720 4792 insita
741 4735 783 4792 icr
797 4735 928 4818 botarvrum
940 4749 968 4793 et
980 4750 1046 4793 con-

250 4829 393 4886 trariorum
410 4836 460 4883 :ut
479 4838 567 4882 autem
587 4827 750 4884 maniiestiot·
766 4827 842 4884 nobis
864 4827 911 4884 irat
931 4828 1046 4884 denton-

249 4922 356 4986 stratio,
368 4921 394 4977 in
408 4921 502 4977 eadem
521 4931 548 4975 ot
562 4919 641 4976 bodie
655 4935 808 4976 sevnnonmn
823 4923 934 4978 materia
948 4923 1046 4981 iterum

249 5013 449 5072 desudabimus.
478 5013 543 5068 Num
567 5012 637 5084 quod
659 5013 692 5070 ab
714 5013 789 5068 initio
814 5014 884 5070 ileus
907 5014 1044 5072 bominem

249 5103 372 5179 lingens,
396 5111 507 5175 uimque
530 5103 730 5175 dignoscentem
752 5105 844 5161 iecerit
866 5105 973 5176 ipsum,
996 5107 1046 5163 dc-

249 5205 400 5256 moostrant
424 5213 516 5254 omnes
540 5197 662 5254 immines
686 5216 692 5252 :
718 5213 779 5253 oum
806 5213 947 5268 peccamus
973 5199 1046 5256 enim

250 5292 331 5348 etiam
348 5289 468 5347 subditos
485 5303 625 5354 veremor;
648 5297 675 5346 et
690 5304 765 5359 saepe,
781 5289 904 5344 dontinus
925 5298 1044 5346 scortum

249 5382 354 5449 adiens,
368 5391 460 5453 postea
473 5395 610 5438 servorum
628 5379 779 5452 quempiam
793 5377 984 5436 vitodestiorum
1000 5380 1044 5436 in·

249 5475 335 5534 tuitus
345 5476 468 5545 crubuit,
486 5484 514 5531 et
529 5475 563 5529 ab
578 5477 627 5529 bac
645 5473 766 5544 improba
778 5473 819 5527 via
833 5475 953 5530 recessit.
971 5473 1043 5530 iiua-

250 5585 311 5626 sum
324 5583 385 5624 enm
398 5569 440 5625 aiii
454 5583 502 5624 tvos
519 5567 670 5624 nominibus
682 5565 746 5621 vitia
760 5577 850 5621 nostra
865 5565 1046 5626 indicantibus

250 5660 421 5732 compellant,
435 5661 622 5719 contumeliam
635 5659 661 5716 id
675 5674 737 5716 csse
749 5658 864 5716 dicimus
878 5679 884 5714 :
899 5660 961 5716 etsi
974 5675 1045 5732 agro

251 5751 388 5819 ieramus,
411 5752 438 5810 in
453 5751 581 5822 iudicium
596 5750 699 5822 eosqui
719 5749 746 5806 id
761 5749 882 5808 iecerunt
903 5752 1044 5822 trahimus,

252 5845 291 5904 iia
305 5846 413 5914 scimus,
429 5844 492 5917 quid
506 5843 608 5910 vitium,
625 5843 690 5914 quid
703 5843 786 5900 virtus
798 5843 842 5900 sit.

1100 2804 1208 2874 verbis,
1221 2819 1309 2876 neqm
1325 2802 1447 2860 doctrina
1464 2819 1471 2858 a
1485 2817 1548 2858 nam
1567 2801 1594 2857 in
1608 2810 1702 2857 natura
1716 2799 1899 2872 cognitionem

1101 2894 1172 2952 banc
1184 2895 1331 2963 babemus,
1351 2910 1402 2952 nec
1417 2910 1485 2966 opus
1496 2903 1540 2951 est
1554 2909 1616 2961 eum
1629 2892 1767 2950 laboribus
1778 2900 1825 2948 aot
1839 2891 1900 2948 lati·

1101 2987 1253 3059 gationibus
1271 2987 1415 3043 circumire
1432 2997 1461 3044 et
1478 3001 1603 3060 qumrere
1616 3000 1651 3040 an
1669 2985 1771 3042 bonum
1783 2985 1819 3040 sit
1830 2993 1899 3040 tent·

1101 3079 1221 3151 perantia
1236 3086 1265 3134 et
1277 3079 1341 3135 utiie
1355 3096 1363 3134 ι
1379 3078 1426 3134 sed
1438 3078 1575 3135 communi
1586 3078 1722 3142 sentientia
1736 3093 1832 3134 omnes
1845 3077 1899 3134 boc

1100 3173 1277 3239 comitemur,
1293 3181 1322 3230 et
1334 3187 1414 3230 nomo
1425 3173 1531 3230 dubitat
1540 3171 1575 3230 de
1587 3173 1696 3230 virtute.
1722 3171 1769 3228 Sic
1778 3181 1805 3227 ot
1818 3170 1897 3228 adui-

1101 3266 1198 3324 tcrium
1213 3266 1312 3322 maium
1327 3281 1388 3322 essa
1402 3274 1543 3336 putamus,
1557 3275 1585 3323 et
1603 3281 1691 3338 neque
1703 3265 1748 3323 bic
1761 3265 1899 3322 laboribus

1099 3367 1127 3415 et
1139 3357 1279 3430 disciplina
1290 3359 1370 3416 nobis
1383 3368 1425 3416 est
1436 3373 1505 3430 opus
1516 3400 1525 3429 ‚
1538 3367 1568 3415 ut
1584 3360 1686 3430 peceati
1703 3357 1782 3429 itvrjvrs
1796 3359 1897 3416 malitia

1100 3459 1244 3516 noscatur,
1259 3449 1308 3506 sevi
1325 3465 1420 3506 omnes
1433 3449 1461 3506 in
1475 3449 1631 3520 bajusmodi
1645 3450 1785 3507 sententiis
1802 3464 1897 3511 sumus

1099 3556 1149 3613 per
1158 3556 1208 3598 noa
1221 3541 1384 3612 ipsosdocti,
1392 3549 1421 3599 et
1429 3546 1565 3609 virtutem,
1580 3542 1643 3598 lieet
1655 3542 1741 3614 ipsam
1751 3558 1801 3600 nos
1812 3543 1896 3600 obca-

1099 3649 1181 3700 mus,
1204 3632 1426 3690 commendamus
1440 3649 1447 3688 ε
1463 3634 1533 3690 siem
1555 3633 1672 3690 vicissim
1696 3635 1811 3702 vitium,
1834 3635 1898 3692 iicet

1099 3741 1244 3799 operemur
1254 3767 1263 3794 ,
1275 3726 1392 3785 odimus.
1412 3727 1446 3784 iit
1460 3727 1512 3784 boe
1526 3726 1575 3784 init
1592 3727 1737 3784 marianum
1754 3728 1801 3788 [lei
1811 3727 1895 3789 bene·

1100 3821 1209 3886 licium,
1228 3830 1259 3877 ot
1270 3821 1464 3879 conscientiam
1478 3821 1586 3892 quidem
1600 3830 1721 3879 nostram
1733 3830 1762 3877 et
1774 3822 1896 3879 voiunta-

1101 3923 1167 3982 tem,
1179 3924 1206 3970 ct
1216 3915 1271 3985 jam
1283 3923 1346 3971 ante
1352 3914 1485 3972 actionem
1498 3915 1588 3972 virtuti
1598 3915 1755 3986 applicaret,
1770 3915 1895 3972 infestam

1099 4016 1189 4064 autem
1209 4006 1334 4063 redderet
1347 4006 1520 4078 improbitati.
1533 4006 1607 4064 Sicut
1626 4006 1704 4080 igitur
1718 4006 1783 4072 divi,
1798 4008 1895 4064 borum

1099 4089 1208 4177 quidem
1235 4098 1375 4154 amborum
1397 4098 1515 4170 cognitio
1535 4097 1655 4153 ‹tnvnium
1678 4097 1814 4154 bominum
1826 4113 1895 4154 con·
1983 4159 1993 4174 ‚

1099 4189 1219 4247 scientim
1241 4190 1322 4245 insita
1343 4198 1404 4258 est,
1424 4205 1475 4246 nec
1487 4189 1542 4246 niio
1562 4189 1711 4261 indigemus
1731 4198 1895 4260 preceptore

1099 4282 1132 4339 ati
1147 4281 1206 4338 bmc
1219 4280 1361 4349 discenda;
1382 4281 1536 4338 emendatio
1547 4296 1613 4338 vero
1630 4282 1783 4350 laboribus,
1799 4281 1895 4338 voiun-

1100 4376 1146 4431 tati
1158 4385 1186 4432 et
1198 4373 1287 4432 studio
1300 4374 1363 4430 data
1382 4381 1434 4431 est.
1456 4374 1545 4444 Quare
1565 4373 1693 4432 taudem!
1717 4375 1849 4444 Quoniam
1870 4375 1893 4431 si

1099 4475 1185 4523 toturn
1209 4475 1313 4522 nature
1335 4465 1493 4532 tribuisset,
1515 4467 1574 4524 sine
1596 4467 1706 4524 coronis
1726 4475 1755 4523 et
1777 4467 1897 4538 praemiis

1099 4557 1267 4614 inistentes:
1285 4565 1313 4612 ct
1331 4557 1401 4615 sicut
1425 4558 1503 4615 bruta
1527 4558 1655 4615 virtutum
1674 4573 1741 4629 quas
1765 4558 1896 4617 babenta

1099 4660 1205 4718 natura,
1219 4648 1371 4706 mercedem
1383 4658 1430 4704 aut
1440 4648 1546 4707 landem
1556 4665 1655 4721 capere
1666 4650 1838 4716 nondebent,
1853 4650 1895 4706 sie

1098 4754 1266 4812 nequenos,
1288 4739 1311 4796 si
1326 4739 1422 4797 borum
1442 4739 1542 4812 aliquid
1563 4739 1760 4797 habuissemus.
1785 4740 1895 4798 Nature
1932 4758 1936 4764 ’

1098 4832 1171 4890 enim
1185 4847 1296 4890 munera
1308 4848 1361 4888 oon
1376 4831 1551 4900 babentium,
1572 4832 1619 4890 sed
1633 4832 1734 4890 datoris
1753 4843 1816 4890 sunt
1835 4820 1904 4890 iaus

1098 4923 1344 4981 etcommeudatio.
1371 4922 1433 4980 ideo
1446 4924 1525 4995 igitur
1540 4939 1593 4980 non
1608 4933 1693 4981 toturn
1711 4933 1815 4980 naturae
1830 4941 1894 4997 per·

1098 5014 1172 5071 misit
1187 5031 1194 5069 ι
1209 5028 1242 5070 ac
1263 5028 1371 5070 rursum
1392 5014 1558 5071 voluntatem
1576 5022 1661 5071 totum
1684 5015 1790 5088 pondus
1807 5017 1898 5072 susci·

1099 5121 1164 5178 pere
1175 5121 1230 5161 uon
1244 5106 1398 5174 concessit,
1415 5115 1443 5164 ct
1456 5107 1626 5178 cognitionis,
1642 5116 1671 5164 et
1684 5107 1893 5178 emendationis,

1098 5214 1161 5256 nea
1175 5197 1280 5254 virtutis
1296 5197 1433 5255 laboribus
1443 5197 1616 5264 abhorrerem
1629 5198 1676 5255 sed
1691 5198 1774 5256 dictat
1786 5198 1896 5270 quidem

1098 5290 1151 5363 ipsi
1171 5289 1333 5346 conscientia
1354 5305 1415 5362 quse
1435 5298 1500 5348 sunt
1517 5289 1640 5362 agenda,
1662 5289 1696 5346 ad
1707 5295 1895 5361 operationem

1092 5397 1164 5440 vem
1177 5382 1234 5452 ipsa
1248 5380 1282 5438 de
1295 5395 1345 5438 suo
1357 5381 1451 5438 labore
1464 5381 1553 5439 aiiert.
1575 5383 1610 5439 iit
1631 5382 1702 5455 quod
1714 5383 1815 5440 bonum
1832 5382 1894 5454 qui·

1100 5473 1161 5530 dem
1174 5473 1209 5530 sit
1222 5472 1360 5529 moderate
1372 5473 1480 5542 vivere,
1500 5473 1559 5530 sino
1575 5474 1669 5530 labore
1682 5475 1806 5531 novirnus
1820 5489 1828 5528 ι
1842 5488 1893 5529 ιιι·

1099 5567 1193 5626 taralis
1211 5567 1283 5623 enim
1302 5577 1345 5624 cst
1368 5567 1499 5640 cognitio;
1524 5568 1727 5640 temperantiam
1753 5584 1816 5624 voro
1838 5583 1894 5624 anon

1098 5675 1242 5733 possumus
1261 5675 1408 5729 exercere,
1423 5661 1476 5717 nisi
1490 5661 1658 5729 laborantes,
1677 5669 1705 5716 et
1717 5660 1894 5731 cupiditatem

1100 5753 1283 5819 refrenantes,
1296 5754 1462 5824 multumque
1471 5752 1616 5809 subcuntes
1630 5751 1740 5809 iaboris.
1753 5752 1811 5808 Non
1822 5753 1894 5827 eninr

1101 5846 1152 5906 boc
1163 5860 1269 5921 quoque
1279 5843 1357 5902 nobis
1371 5843 1446 5904 adest
1461 5859 1477 5901 a
1490 5852 1584 5902 natura
1594 5883 1604 5915 ,
1616 5845 1684 5902 sicot
1698 5843 1834 5917 cognitio,
1846 5841 1897 5901 sed
