4142 6342
161 389 164 394 ,
229 325 266 388 et
550 407 556 418 η
589 322 618 378 s.
638 280 778 378 rouuuts
790 314 1033 379 uuursostuuu
1054 321 1213 406 tuturus.
1232 323 1495 385 cousruunuon.
1834 333 1869 400 ne

231 452 341 517 quoque
361 445 449 514 ’ῃιιιιι
465 442 503 496 ιιι
524 439 660 496 mostell.
680 437 747 494 uon
766 447 794 494 et
817 437 954 507 metimus,
970 455 1024 496 non
1079 455 1140 498 cum
1156 457 1205 500 nos
1219 443 1322 515 priores
1335 459 1395 516 qum
1410 455 1561 504 nostrarum
1586 458 1649 507 sunt
1669 453 1783 524 partium
1801 470 1868 513 oon-

233 547 295 592 ιιιιιιι
306 531 488 598 bratteolam,
503 528 634 595 etnutrit,
649 536 731 600 atque
747 527 782 584 ad
798 528 924 586 viridaria
935 529 1026 588 educit
1078 533 1229 602 tulerimus,
1244 537 1358 607 exempli
1369 551 1460 605 cuusa,
1476 539 1639 598 alacritatem
1651 543 1743 612 animi,
1755 560 1829 618 spem
1841 550 1868 608 in

233 635 364 698 egrotum
378 641 385 678 ι
398 621 447 680 sed
456 628 485 680 et
498 636 559 678 cum
574 621 628 678 urit
637 629 759 688 enecat,
769 621 827 692 pari
847 621 953 680 ratione
966 637 1025 680 nae·
1078 623 1176 696 ipsum,
1188 626 1333 698 qmtiarum
1343 630 1486 697 actionem,
1500 626 1683 702 tolerantiam,
1702 635 1867 706 patientiam.

231 716 310 779 dicus
320 703 363 773 est
377 733 385 770 :
400 726 428 773 et
444 721 522 795 pater
539 729 594 770 non
615 714 697 770 modo
718 729 780 772 outa
802 713 858 771 ulio
874 714 1025 786 blanditur,
1077 716 1169 788 Neque
1194 707 1294 774 tantum
1316 719 1342 775 in
1368 721 1579 795 periculisque
1601 725 1671 782 uires
1697 737 1803 785 nostras
1823 747 1869 787 ca·

220 808 280 864 -ted
290 809 372 864 etiarn
385 822 448 864 curn
458 823 520 865 euru
532 806 655 878 pellitos
668 806 772 866 edibus
781 816 810 864 et
821 821 883 866 cunr
894 808 1025 879 morepat.
1077 811 1187 881 cedunt,
1198 813 1245 868 sed
1259 813 1284 870 in
1299 815 1362 884 ipsis
1372 815 1452 871 etism
1464 831 1524 888 quur
1538 833 1591 874 non
1607 819 1755 890 excedunt,
1769 824 1869 883 caelosti

231 897 470 970 acllsqrisecdit,
486 899 545 971 pari
560 900 665 956 ratione
679 907 825 971 paterent,
839 901 1026 973 nequeminus
1078 905 1178 962 auritio
1193 905 1351 976 indigemus,
1373 916 1402 963 ut
1422 921 1553 978 qenemse
1576 913 1707 981 possimus
1725 912 1869 972 obsistere.

230 1005 312 1062 quam
325 1005 387 1048 eunt
402 990 504 1048 laudm.
518 991 586 1048 Cum
599 991 680 1064 iqitur
691 990 826 1064 intelligas
834 993 948 1050 medicis
965 1008 1027 1050 ota·
1078 996 1214 1068 Siquidem
1225 998 1288 1054 alibi
1308 1013 1414 1070 quoque
1428 1001 1492 1056 dicit
1509 1019 1517 1057 ε
1532 1000 1605 1059 Sicut
1621 1003 1750 1061 oiundom
1769 1007 1870 1079 porcio-

231 1080 312 1138 nibus
336 1080 558 1154 indulgentiorem
577 1098 649 1152 esse,
676 1099 710 1140 ae
734 1084 832 1154 majori
853 1084 951 1142 allectn
976 1099 1027 1142 nos
1078 1105 1123 1146 uer
1136 1088 1230 1146 Girirti
1240 1091 1267 1146 ιιι
1276 1091 1357 1158 ιιοιιι,
1370 1093 1407 1146 lto
1420 1101 1444 1148 et
1457 1091 1640 1164 percutiuntur
1651 1094 1765 1152 abundet
1776 1115 1869 1154 conso·

233 1171 316 1230 ὓιιιιιιι
332 1174 469 1246 prosequi,
484 1174 540 1231 noli
554 1175 661 1232 curiose
672 1175 827 1246 inquirere,
843 1191 931 1248 nequo
943 1176 1028 1234 ratio·
1079 1183 1140 1239 tutio
1155 1193 1252 1253 nostro,
1267 1193 1295 1239 ut
1309 1186 1493 1257 respersimus
1507 1187 1634 1244 contulari
1643 1205 1696 1255 eor,
1707 1191 1750 1262 qui
1760 1191 1787 1246 iu
1800 1191 1870 1247 omui

138 1305 141 1308 -
231 1280 294 1324 nem
306 1266 647 1346 abcoleriqecurationim
663 1268 711 1326 sed
727 1270 785 1326 siro
799 1284 924 1327 recreare
935 1271 1027 1326 solue·
1079 1283 1279 1348 pressurarum,
1301 1293 1346 1348 prr
1359 1277 1577 1349 exhortationem,
1597 1295 1648 1352 quo
1669 1281 1833 1338 exhortamur
1846 1293 1871 1339 et

231 1361 277 1428 rit,
291 1362 462 1434 siuepuairo,
471 1362 507 1420 ad
522 1371 663 1435 utmmque
672 1363 774 1435 pariter
786 1373 894 1435 paratos
908 1379 959 1421 nos
976 1379 1026 1422 ex·
1077 1368 1128 1440 ipsi
1141 1385 1158 1424 o
1172 1367 1226 1424 ileo
1236 1366 1276 1442 (ι.
1290 1365 1351 1426 Gor.
1364 1369 1390 1426 l.
1406 1370 1433 1427 ii.
1446 1369 1485 1444 l).
1499 1368 1590 1443 ltuque
1607 1371 1631 1429 is
1644 1372 1726 1430 etlam
1739 1373 1785 1446 qui
1799 1373 1869 1432 bunc

231 1451 372 1510 bibesmus
386 1453 539 1526 :siquidem
563 1470 611 1525 per
640 1463 782 1526 utrumque
806 1455 885 1511 nobis
910 1455 1028 1512 restituit
1078 1461 1294 1530 consolatusest,
1308 1462 1365 1534 ipse
1375 1465 1474 1535 estqui
1494 1465 1668 1522 tentationem
1686 1466 1808 1537 permitit
1826 1469 1868 1524 iu·

231 1544 384 1612 mutuum,
405 1553 433 1602 et
452 1560 503 1604 nos
524 1545 576 1602 sibi
601 1546 776 1603 reconciliat:
788 1562 904 1620 eumque
920 1549 1027 1606 noterit
1078 1554 1152 1612 ierri.
1168 1555 1235 1612 Vide
1247 1563 1336 1612 autem
1349 1566 1408 1628 post
1417 1557 1581 1615 curationem
1598 1565 1724 1630 quuutam
1738 1560 1870 1617 sollicitu-

224 1633 332 1704 ¹quibus
342 1633 462 1706 indiqeat
477 1636 592 1708 quisque
609 1646 742 1706 nostrum,
766 1647 795 1696 et
818 1640 882 1711 quid
905 1639 1027 1698 conserat
1077 1645 1168 1703 diueru
1183 1647 1364 1718 praeselerat.
1380 1647 1471 1718 Neque
1485 1649 1556 1704 enim
1572 1648 1735 1707 illudimisso
1746 1653 1868 1720 recessit,

231 1725 339 1796 cuique,
351 1733 442 1796 etquo
453 1726 561 1784 nouem
575 1727 655 1784 modo
673 1729 822 1786 serrandus
846 1730 899 1799 sit,
916 1729 969 1788 bae
983 1731 1026 1789 ria
1077 1747 1105 1794 at
1115 1746 1255 1810 postquem
1270 1737 1344 1796 illum
1357 1738 1468 1796 offendit
1481 1740 1508 1796 in
1521 1741 1692 1811 templonio,
1713 1741 1779 1798 llere
1790 1759 1869 1800 sonus

233 1815 339 1874 nosille
349 1815 467 1874 deducu.
481 1817 630 1890 Sequemur
641 1819 786 1892 igiturque
797 1821 843 1880 ille
857 1825 1024 1896 preceperit,
1078 1823 1160 1894 [octus
1169 1839 1204 1891 er,
1219 1823 1272 1880 uoti
1285 1823 1396 1896 ampliat
1410 1839 1522 1895 pertore,
1536 1839 1567 1880 ne
1584 1824 1694 1881 ιιιιιιιιιι
1713 1825 1758 1881 tibi
1773 1825 1870 1898 aliquod

232 1922 320 1980 neque
332 1917 426 1966 exacte
434 1910 577 1982 quidquam
589 1912 783 1984 disquiramus,
794 1915 851 1972 sire
859 1931 908 1988 per
918 1917 1026 1988 plautum
1078 1915 1207 1986 eoruiuqut
1222 1912 1312 1989 (loon.
1326 1915 1354 1972 t.
1370 1913 1427 1988 ll).
1440 1915 1468 1972 Si
1482 1917 1553 1972 eruim
1567 1917 1638 1988 quod
1650 1916 1713 1974 odio
1723 1933 1868 1989 proseque-

233 2009 262 2056 et
275 1999 397 2070 facilem,
411 2001 469 2059 siro
486 2017 535 2074 per
550 2003 687 2060 dificilem
701 2019 878 2078 usperamque
897 2008 966 2063 viam
982 2008 1026 2064 in·
1078 2015 1164 2074 retur,
1179 2006 1266 2078 puniri
1273 2006 1447 2077 permisisset,
1460 2021 1511 2063 non
1522 2016 1548 2064 te
1560 2007 1710 2076 tiuemmet,
1722 2023 1776 2065 uou
1792 2010 1869 2066 inlu·

233 2091 331 2150 cedere
340 2093 460 2166 jusserit,
475 2096 829 2167 quomadmodumeoistum
839 2100 1025 2174 paralyticum.
1080 2105 1168 2154 turum
1185 2099 1388 2156 communisset
1403 2116 1411 2154 z
1426 2097 1497 2169 quod
1516 2098 1693 2168 autemdicit,
1711 2099 1752 2155 Ne
1763 2099 1871 2158 trierim

234 2169 324 2240 ilnum
337 2185 419 2258 iqitur
430 2185 482 2244 boc
491 2185 543 2244 luit
555 2203 641 2262 qenus
650 2189 846 2261 beneticent'ue,
855 2262 859 2267 ⁴
869 2193 940 2265 quod
954 2203 1027 2252 tanto
1079 2189 1125 2244 tibi
1136 2189 1381 2264 oilqsideoma'upnt,
1395 2189 1564 2248 indicatenm
1578 2189 1673 2248 luturis
1682 2191 1890 2250 mulisobuiuor·

233 2285 354 2348 tempore
365 2277 481 2357 animem
493 2281 553 2351 eius
564 2282 695 2356 purgarit,
702 2294 1028 2358 cumquotamqocmccn-
1080 2281 1131 2339 ire.
1147 2280 1269 2340 limbum
1284 2282 1396 2354 depulit,
1414 2292 1442 2340 et
1452 2297 1580 2355 soporem
1595 2297 1648 2340 non
1658 2283 1780 2356 depulit:
1794 2287 1871 2358 epri-

222 2365 349 2436 ,ssatoriae
361 2368 467 2427 cuidam
486 2369 590 2448 tornaci
605 2372 787 2446 ιιιιιιιιοιιιιιιι,
804 2375 955 2447 probationi
974 2378 1035 2432 tra·'
1081 2372 1199 2430 tudinem
1213 2374 1312 2446 abegit,
1325 2383 1464 2432 etmetuta
1487 2389 1541 2431 non
1561 2373 1661 2447 abegit,
1682 2384 1712 2432 ut
1733 2377 1870 2435 immotum

233 2457 437 2518 dideritzaliud
459 2441 549 2522 summ
573 2464 659 2522 nihilo
680 2466 793 2525 interius
816 2470 878 2537 luo,
903 2469 974 2542 quod
999 2470 1029 2528 ia
1079 2475 1187 2524 maneat
1207 2465 1368 2524 beneficium
1391 2467 1462 2540 quod
1475 2475 1518 2524 est
1531 2466 1666 2524 coilaurm.
1690 2465 1748 2524 lioc
1768 2469 1870 2541 providi

232 2549 301 2622 ipsis
315 2553 508 2614 tentationibus
521 2554 560 2612 ilii
571 2556 697 2628 adiuerit,
713 2559 881 2634 multumque
900 2561 1026 2618 solatium
1080 2557 1240 2626 estmediei,
1251 2567 1281 2615 ut
1295 2573 1349 2616 non
1363 2560 1504 2631 presentia
1527 2569 1630 2618 toruum
1652 2563 1722 2619 anaia
1734 2561 1869 2634 depellat,

232 2646 274 2704 illi
285 2648 440 2720 praebuerit.
450 2650 511 2722 lpse
525 2657 595 2718 erat,
607 2653 651 2723 qui
664 2653 819 2712 confluebat
839 2670 923 2720 eum,
944 2664 972 2712 ct
989 2671 1030 2714 re·
1080 2653 1128 2710 sed
1141 2654 1289 2712 etedrersa
1299 2654 1388 2712 lutura
1399 2667 1549 2728 praecaveat
1562 2675 1570 2714 ι
1582 2659 1654 2730 quod
1665 2657 1829 2730 utiqoetecir
1841 2666 1870 2712 et

235 2739 348 2814 tinebat,
359 2757 523 2818 manumque
530 2745 696 2819 porrigebat,
704 2762 792 2820 neque
803 2747 900 2806 collabi
912 2749 1028 2806 sinebat.
1079 2745 1213 2814 Christus,
1227 2747 1291 2804 dota
1304 2749 1499 2819 preteritorum
1514 2752 1643 2808 memoria
1660 2751 1744 2823 ipsias
1755 2749 1870 2806 animum

233 2834 302 2892 eom
323 2845 413 2894 autem
440 2837 528 2909 ipsum
550 2836 634 2896 luisse
656 2839 744 2908 cudis,
767 2841 822 2896 noli
849 2841 1026 2915 paralyticum
1081 2837 1345 2897 nortmannicam
1358 2841 1484 2913 quoniam
1502 2841 1547 2900 ubi
1569 2843 1789 2916 preterieriutea
1811 2855 1872 2914 qum

232 2927 314 2986 bade
324 2928 441 3000 prisone,
452 2944 504 2987 nee
515 2930 591 2987 illum
601 2945 652 2988 nec
660 2931 888 2990 aliumbomiuern
895 2934 1028 3005 quemuis,
1081 2929 1159 2988 nobis
1170 2931 1321 2990 molestiam
1334 2933 1511 3001 exhibebam,
1525 2935 1607 2990 simul
1626 2949 1719 2992 eorum
1743 2933 1871 2990 messoria

234 3020 281 3093 qui
293 3026 411 3078 tentetur
419 3028 448 3078 et
457 3022 590 3092 patienter
600 3023 679 3080 ierat.
692 3022 868 3091 Quantumris
878 3025 951 3082 enirn
958 3040 1030 3098 sepe
1081 3034 1154 3092 sepe
1166 3021 1301 3093 dilabitur,
1314 3025 1386 3096 quod
1399 3025 1484 3098 ipsam
1497 3031 1653 3098 perpetuum
1664 3026 1730 3084 uelit
1742 3037 1870 3092 manere,

235 3114 469 3186 philosophemur,
483 3117 738 3188 quamuisomnium
754 3117 934 3176 robustissimi
946 3120 1031 3178 simus
1082 3116 1155 3198 Noti,
1168 3117 1262 3188 inquis,
1286 3117 1397 3191 caupilus
1417 3133 1529 3190 pectore,
1548 3135 1579 3176 ue
1599 3119 1707 3177 ιιιιιιιιιι
1719 3119 1763 3175 titt
1776 3118 1872 3190 aliquid

161 3193 171 3208 ⁶
236 3220 269 3262 uc
280 3206 450 3276 validissimi,
469 3207 494 3264 si
518 3206 592 3265 iilius
608 3208 679 3267 abuit
691 3209 831 3280 auxilium,
846 3226 881 3268 ne
899 3211 1031 3268 mediocri
1081 3211 1222 3282 contioque

236 3297 344 3370 quidem
356 3300 506 3372 poterimus
518 3301 659 3360 tentationi
670 3303 808 3362 resistere.
822 3303 876 3363 Sed
896 3304 960 3377 quid
980 3320 1031 3378 eqo
1079 3343 1083 3349 -
1117 3303 1144 3359 5.
1158 3301 1249 3374 Neque
1267 3317 1331 3359 rero
1349 3317 1383 3360 ea
1398 3303 1449 3360 boe
1464 3304 1551 3360 solum
1565 3303 1760 3377 prouidentiam
1769 3303 1830 3376 ejus
1842 3311 1870 3360 et

236 3389 273 3450 de
284 3390 364 3450 nobis
378 3393 475 3450 vilibus
488 3404 516 3451 et
529 3394 643 3466 objectis
654 3395 750 3468 loquor
759 3397 772 3452 ι
781 3395 859 3454 Licet
878 3397 978 3456 Paulus
996 3399 1032 3454 sit
1083 3395 1233 3466 equitatem
1244 3394 1307 3452 lieet
1319 3395 1425 3463 intueri,
1439 3395 1487 3453 sed
1500 3397 1675 3469 stipemque
1686 3396 1871 3466 videturesse,

236 3482 333 3554 aliquio
344 3492 390 3541 aut
402 3485 510 3552 Petrus,
524 3485 586 3543 lieet
596 3486 712 3544 lacobus
721 3496 768 3544 aut
776 3487 905 3556 loannes,
911 3487 1031 3546 subsidio
1083 3483 1276 3557 increpatione.
1291 3485 1357 3544 uam
1369 3497 1475 3559 peccata
1486 3487 1595 3560 quidem
1607 3487 1665 3560 eins
1678 3503 1732 3546 nou
1746 3487 1870 3561 proptia·

237 3574 339 3632 celesti
350 3577 471 3647 priuatus
495 3577 719 3648 emoriuntur,
740 3589 767 3636 et
791 3579 990 3652 supplantatur,
1003 3590 1032 3638 et
1083 3577 1144 3646 rit,
1163 3576 1212 3636 sed
1224 3592 1284 3634 eum
1300 3588 1409 3650 propter
1421 3588 1529 3650 peccata
1547 3593 1653 3652 partum
1668 3593 1800 3651 essequo
1810 3593 1872 3651 pos·

238 3669 366 3726 concidit.
386 3669 428 3728 ud
449 3669 509 3729 bec
521 3673 612 3729 omnia
627 3674 726 3730 turma
739 3674 816 3732 votus
829 3675 927 3732 curisti
948 3676 1032 3747 ipsius
1083 3683 1129 3726 sus
1153 3678 1218 3737 est,
1239 3669 1381 3728 indicarit:
1396 3685 1456 3742 quac
1474 3687 1539 3728 vcro
1552 3677 1796 3744 mentiremur,
1818 3687 1873 3728 mu

238 3773 319 3818 noces
339 3761 461 3820 recitabo
476 3745 629 3836 :siquidem
643 3765 724 3824 Petro
736 3766 804 3824 dixit
819 3788 826 3824 :
840 3766 907 3824 Ecce
928 3778 1031 3826 ωιωωι
1083 3760 1225 3820 indicarit:
1240 3763 1480 3835 nequediait,lioc
1492 3764 1594 3822 etillnd
1608 3766 1743 3837 peccasti,
1763 3780 1871 3836 neque,

238 3855 335 3926 petivit,
345 3862 373 3912 ιιι
386 3856 508 3913 crisme
520 3874 564 3914 m
574 3860 640 3914 cent
653 3861 763 3916 tricem
778 3870 821 3916 :a
835 3878 881 3933 ρῳ
892 3864 1031 3934 compro
1083 3852 1115 3909 ln
1133 3853 1185 3910 iroc
1198 3863 1226 3911 et
1245 3855 1272 3911 in
1294 3855 1340 3912 illo
1361 3855 1495 3928 deliquisti
1508 3897 1517 3926 ,
1535 3857 1582 3913 sed
1596 3871 1650 3914 uno
1663 3856 1777 3928 simplici
1791 3858 1874 3914 aerbo

238 3957 274 4016 te,
290 3956 318 4004 st
329 3963 382 4004 non
394 3949 496 4022 deficior
504 3950 569 4020 fides
582 3960 626 4006 teo
638 3951 713 4024 (buc.
725 3951 771 4009 22.
782 3953 828 4010 ot.
839 3953 897 4026 ιι).
906 3953 976 4022 Quid
989 3962 1032 4012 cst
1084 3945 1112 4004 id
1123 3947 1297 4018 exprimens,
1318 3945 1382 4006 Noli
1401 3949 1511 4022 emplius
1522 3965 1643 4021 peccare,
1660 3957 1816 4022 unumque
1829 3949 1872 4006 ut·

238 4039 377 4108 cribrare?
391 4041 549 4109 ebducere,
560 4043 778 4112 circumducere,
802 4046 955 4116 exagitare,
971 4063 1032 4105 rno-
1083 4053 1148 4097 eeut
1163 4079 1172 4109 ‚
1187 4041 1258 4113 quud
1267 4041 1301 4098 llll
1314 4057 1375 4098 0⁰¹⁰
1387 4040 1585 4100 affluendum
1600 4044 1779 4100 militium
1789 4052 1871 4111 “²²2

224 4122 479 4202 .rer'e,eoucutere,
503 4133 640 4203 divexare,
653 4137 739 4207 ‚sicut
765 4137 792 4194 in
816 4138 849 4194 iis
863 4154 924 4210 quae
943 4141 1032 4198 cribro
1084 4131 1279 4204 difidfflstlmffl
1300 4132 1375 4190 illum
1402 4133 1517 4190 reddidi!
1540 4134 1568 4190 5¹¹
1591 4133 1730 4202 fillium,
1751 4142 1778 4190 0²
1791 4133 1873 4206 ilssi'·

238 4225 400 4282 ventilentur
413 4243 420 4280 ι
435 4235 465 4282 at
487 4241 537 4298 eqo
557 4227 726 4300 cobibebum,
754 4230 852 4304 inquit,
878 4231 1032 4304 intelligens
1084 4225 1873 4299 bifiellfiiffl·f⁰l¹i¹1¹diss0m2iclffilffllfl'iifflssfflfl‘iffl·
1908 4231 1915 4247 '

239 4330 408 4388 nequaquam
434 4332 514 4388 posse
537 4334 585 4376 ros
609 4323 783 4380 tentationem
810 4324 957 4392 succinam
970 4339 1032 4381 eum
1084 4331 1146 4374 nem
1160 4316 1301 4388 patefecit,
1323 4333 1383 4374 oum
1402 4317 1440 4373 illi
1453 4319 1640 4376 necessitatem
1654 4317 1780 4390 imposuit
1790 4327 1872 4374 totam

238 4405 370 4476 enimait,
383 4405 425 4462 Ns
438 4408 539 4479 deficiat
552 4411 617 4480 fider
630 4421 685 4479 too,
701 4413 753 4470 boc
763 4414 1031 4486 siqnidmtluturom
1084 4408 1262 4466 calamitatem
1274 4423 1348 4466 suam
1363 4407 1515 4480 quiritoodu
1527 4408 1698 4481 dirulqondi.
1711 4425 1743 4466 ac
1756 4408 1872 4466 studium

238 4500 332 4571 luisse,
356 4511 388 4558 ut
407 4502 474 4560 tides
497 4506 556 4576 ejus
576 4506 716 4576 deficeret,
741 4509 764 4563 si
789 4508 835 4565 itte
854 4511 1030 4579 permisisset,
1085 4517 1162 4558 suum
1178 4501 1335 4560 ostendendi
1348 4524 1355 4560 z
1367 4501 1434 4556 llum
1445 4503 1516 4558 osuio
1526 4503 1594 4558 euim
1609 4518 1672 4574 epo,
1688 4501 1754 4558 olias
1766 4508 1874 4556 antenus

218 4585 225 4592 ⁴
240 4590 351 4660 Quodsi
363 4592 459 4652 Petrus
466 4594 594 4676 feruidus¹
607 4607 711 4655 amator
722 4595 822 4654 Christi
830 4641 841 4672 ‚
857 4599 902 4670 qui
915 4602 1031 4658 animam
1084 4595 1212 4652 detumit
1223 4594 1234 4669 (
1246 4594 1324 4652 1⁰⁶⁸·
1339 4595 1367 4652 5·
1380 4595 1396 4650 7
1409 4594 1437 4668 );
1449 4603 1555 4668 petilii
1570 4609 1634 4652 V0l⁰
1650 4608 1702 4650 '¹⁰¹¹
1717 4591 1873 4665 propalam.

240 4700 318 4743 taam
330 4687 558 4761 milliesproipso
571 4691 706 4762 exposuit,
718 4689 818 4762 quique
841 4706 947 4764 semper
969 4702 1033 4752 unte
1084 4687 1240 4748 Siouteuim
1253 4703 1302 4746 nos
1316 4689 1543 4759 obsequeremur
1557 4677 1751 4753 uolumus,sic
1763 4694 1793 4740 et
1805 4683 1873 4740 llere

239 4784 338 4836 oletum
353 4780 657 4853 pmsiiitapostolorum,
670 4791 698 4839 et
712 4781 829 4839 beetusa
843 4785 971 4856 magistro
982 4801 1032 4844 suo
1083 4781 1168 4840 multo
1191 4783 1275 4852 magis
1297 4795 1378 4852 quota
1394 4793 1551 4851 nostquom
1564 4777 1600 4836 ob
1615 4792 1724 4836 csusana
1743 4785 1771 4834 et
1783 4789 1873 4834 corant

239 4869 538 4943 praedicatorumque
561 4873 656 4928 Petrus
670 4872 819 4945 appellatus
832 4884 884 4946 est,
902 4878 974 4948 quod
988 4877 1031 4934 in-
1084 4873 1206 4932 omnibus
1226 4871 1385 4929 medicinam
1409 4871 1489 4940 iecit,
1503 4869 1716 4938 adhortationem
1737 4875 1826 4924 autem
1846 4875 1875 4922 et

224 4972 371 5029 ¹concussa
387 4971 415 5019 ct
431 4962 591 5018 immutabili
603 4962 655 5020 lide
667 4964 795 5036 preditus
808 4976 898 5036 meet,
912 4968 1032 5040 dejectus
1084 4970 1225 5028 consilium
1237 4967 1359 5039 privatim
1373 4965 1492 5024 adhibet.
1520 4964 1670 5036 Numquam
1684 4963 1755 5021 enim
1769 4962 1873 5033 eudem

225 5051 343 5119 ¹luisset,
354 5061 383 5110 et
393 5069 408 5109 o
420 5053 589 5111 confessione
601 5055 752 5124 excidisset,
760 5058 795 5128 si,
807 5062 1030 5131 quantumveltet,
1085 5071 1193 5133 peccato
1207 5071 1311 5126 nostre,
1324 5059 1374 5116 nisi
1387 5057 1455 5114 iorte
1468 5058 1492 5114 si
1504 5057 1671 5134 quandouue
1686 5053 1785 5118 uiderit
1795 5054 1869 5115 outo

240 5143 592 5204 tentmeoiauotoclrrisms
601 5149 842 5225 pennisissct,quis
854 5154 1031 5224 aliusabsque
1083 5167 1176 5210 eorum
1204 5166 1283 5208 seusu
1302 5149 1383 5210 aluei.
1409 5149 1475 5206 Νιιιι
1499 5156 1527 5205 et
1546 5163 1607 5205 oum
1622 5146 1703 5206 utut:
1717 5145 1873 5208 ιιιιιιισιιιιιι

240 5231 313 5290 illius
322 5237 421 5292 auxilio
435 5239 533 5308 poterit
547 5253 674 5312 umquam
689 5242 834 5299 resisteret
845 5243 977 5312 Quocirca
991 5244 1032 5299 di·
1084 5262 1124 5304 mr
1137 5246 1244 5314 ιιιιιιιιι,
1260 5254 1284 5302 et
1297 5260 1348 5300 uon
1361 5243 1477 5310 alelnis,
1490 5251 1515 5296 et
1527 5241 1661 5308 sitientem,
1674 5249 1756 5294 nuno
1767 5237 1872 5308 putruit

224 5327 278 5383 ‚cit
292 5329 374 5384 etiam
396 5327 511 5398 Paulus,
518 5327 617 5388 Fidelis
631 5331 710 5402 Dent,
729 5336 773 5402 qui
799 5351 850 5390 nou
867 5335 977 5405 potietur
988 5349 1032 5390 oct
1085 5339 1244 5413 (ιιιιιιιιλιι.
1255 5337 1320 5410 tu),
1336 5345 1477 5408 propterea
1488 5333 1554 5390 dicit
1566 5333 1592 5389 ιιι
1606 5331 1729 5403 presenti
1742 5338 1872 5400 tenpore,

241 5421 332 5474 “iim
342 5435 421 5490 iim
434 5419 548 5494 ¹³¹2th
557 5426 660 5492 mimis
672 5441 682 5481 ··
694 5426 1032 5498 udfoducuottemotiose
1085 5447 1119 5486 ne
1134 5429 1202 5488 torte
1224 5431 1251 5486 in
1270 5419 1360 5486 loturo
1383 5427 1466 5486 uerba
1485 5428 1544 5482 brec
1562 5424 1712 5484 audiamus.
1737 5421 1872 5490 llinatur,

241 5517 399 5578 prouentum,
414 5520 441 5566 ιιι
454 5513 557 5584 possitis
569 5516 692 5571 sortium
704 5515 714 5588 (
725 5518 750 5572 l.
766 5515 825 5572 Cor.
840 5516 883 5572 ld.
898 5514 961 5588 lb).
972 5515 1032 5572 Non
1084 5523 1191 5594 euulqot
1213 5521 1242 5578 in
1255 5519 1305 5578 bac
1319 5521 1373 5578 uita
1388 5561 1397 5587 ,
1411 5534 1446 5576 ne
1456 5518 1484 5574 in
1498 5517 1544 5574 illa
1558 5517 1663 5589 erolqet
1677 5557 1687 5586 ,
1699 5513 1874 5588 quemadmo-

242 5601 314 5656 enim
326 5609 438 5674 tuntum,
455 5606 551 5678 iuquit,
563 5623 643 5678 supra
655 5609 726 5665 uires
745 5608 838 5665 inferri
858 5610 1031 5667 cuononem
1084 5615 1149 5673 dum
1163 5626 1190 5674 et
1200 5615 1374 5673 Ninivitarum
1384 5615 1519 5672 civitatem
1532 5629 1563 5672 se
1579 5613 1696 5671 minatum
1708 5619 1751 5670 est
1763 5625 1875 5670 eversu·

242 5707 295 5750 nou
307 5695 381 5763 sinit,
395 5696 443 5753 sed
456 5701 537 5755 ettam
558 5699 586 5755 in
600 5699 730 5775 ipsaque
750 5719 800 5776 pro
812 5704 916 5762 ratione
935 5705 1031 5762 utrium
1086 5723 1155 5775 rum,
1170 5718 1199 5765 ut
1209 5725 1261 5768 non
1271 5717 1414 5768 sterteret.
1435 5707 1463 5765 Si
1476 5709 1671 5779 enim'pecotta
1688 5705 1770 5766 tutet
1781 5711 1873 5764 nostre

242 5785 392 5857 adiribetur,
413 5804 463 5848 nos
476 5789 630 5857 sustentans
648 5795 735 5866 adest,
750 5805 779 5856 ct
801 5814 850 5858 nos
864 5801 1028 5872 corroboret,
1086 5799 1240 5876 publicare,
1254 5793 1420 5878 nequaquam
1430 5815 1460 5860 se
1473 5799 1669 5878 publicaturum
1690 5797 1874 5876 prcotnsscur

735 5959 796 5987 ⁹⁴¹³*-
