4142 6342
295 337 349 398 62¹1
680 333 709 392 S.
728 330 867 392 donlNNiS
885 325 1121 389 cuutsosrottt
1140 327 1298 386 ducatur.
1318 327 1588 389 consularium.
1871 341 1927 400 m

292 454 385 511 dicans
399 450 471 524 quod
480 449 508 506 hi
517 449 563 522 uui
573 449 697 506 ridentur
706 445 863 518 corporibus
875 443 990 515 separati
1002 484 1010 512 ,
1022 458 1085 500 sen·
1141 444 1196 499 lum
1211 487 1218 512 ,
1232 441 1339 502 laudant
1351 461 1409 500 eam
1423 445 1544 502 caelestes
1555 443 1643 518 angeli
1656 487 1664 514 ,
1677 455 1706 504 (1
1717 447 1808 506 dtduttt
1820 467 1829 518 ι,
1843 451 1935 512 Gloria

293 545 387 603 tentiis
397 555 425 598 et
438 544 572 599 uoluntate
584 540 744 599 conueniant
758 555 766 595 z
781 539 818 594 ita
830 551 902 594 nunc
914 551 965 608 pax
979 535 1085 593 ilotninl
1138 536 1166 592 irt
1179 538 1283 594 eccelsia
1296 537 1351 594 dieo
1363 580 1371 604 ,
1385 548 1408 594 ct
1425 539 1452 593 ia
1465 548 1533 594 terra
1545 555 1596 611 pua
1608 539 1750 598 hominihus
1761 542 1935 603 bonnoniam·

291 635 380 693 medin
393 633 543 702 assistens,
560 642 588 690 et
601 641 743 703 utrumqne
762 638 884 686 nostrum
902 627 1005 701 grentio
1024 628 1085 699 pal·
1140 627 1199 684 totis
1214 627 1299 700 (Luc.
1311 629 1339 686 Ξ.
1354 631 1387 688 11
1407 631 1428 704 ).
1451 630 1532 687 Vides
1553 631 1688 704 quamodo
1705 631 1827 694 caelestes
1838 651 1936 695 onnes

293 739 374 799 paute
386 735 568 795 connectens,
584 725 698 805 discreta
709 739 822 796 corpora
842 723 869 779 in
886 738 971 778 uuum
986 735 1085 779 conre-
1137 725 1166 775 et
1190 729 1332 778 terrestres
1350 721 1463 779 inuicem
1486 722 1536 779 siri
1558 739 1669 781 munera
1692 727 1766 798 pacis
1785 729 1937 786 emittunt?

169 818 175 828 “
291 823 349 878 aire
362 820 501 888 antimum,
516 819 586 876 uinis
605 817 778 891 jungentibus
791 815 880 873 docet.
900 814 929 871 ln
950 830 1003 886 qua
1024 814 1085 872 sine
1138 809 1265 869 antestes
1289 812 1376 886 angeli
1395 828 1490 888 pacem
1511 815 1590 872 terris
1610 817 1785 886 annuntiant,
1805 822 1892 876 sancti
1910 821 1936 876 in

290 913 372 970 dubio
395 913 544 984 completur
563 926 652 968 sermo
676 907 867 982 propheticus,
890 908 936 978 qni
960 907 1022 963 ait:
1050 905 1085 961 Et
1137 901 1217 958 terris
1229 902 1385 973 Christum,
1401 905 1447 977 qui
1458 913 1501 962 est
1520 919 1572 976 pax
1592 915 1704 976 nostra,
1728 908 1883 966 collaudant
1910 911 1937 966 in

288 1008 336 1062 erit
350 1006 484 1063 consilium
503 1005 638 1077 pacificum
651 1004 846 1074 interutrosque
861 1000 958 1075 (lach.
973 999 1000 1056 d.
1015 997 1082 1072 15).
1137 997 1290 1055 caelestibus
1309 997 1444 1070 positum,
1466 1005 1494 1056 et
1515 999 1634 1073 mysticis
1652 1001 1744 1057 choris
1764 1005 1937 1070 acclamant,

289 1096 326 1156 Iit
340 1100 465 1157 iresterna
475 1098 584 1172 quidem
596 1097 639 1154 die
652 1105 727 1169 pater
741 1103 831 1151 noster
841 1092 991 1150 communis
1001 1107 1083 1150 eran·
1139 1087 1243 1144 Osanna
1256 1088 1282 1143 itr
1296 1088 1411 1144 melda.
1436 1089 1562 1146 Dicamus
1582 1104 1645 1163 crgo
1667 1099 1694 1148 et
1713 1105 1773 1160 nos,
1794 1091 1885 1149 Clario
1910 1095 1938 1149 in
2040 1159 2041 1168 ρ

289 1191 377 1264 gelico
392 1206 483 1262 pacem
496 1205 621 1247 sermone
634 1189 759 1261 praetatus
772 1197 832 1244 cst:
851 1184 930 1242 hodie
948 1199 1014 1242 aero
1033 1200 1084 1243 nos
1140 1179 1270 1239 altissimis
1284 1180 1468 1253 11(((11(ι((1(.
1484 1181 1530 1239 hl.
1545 1182 1597 1254 9),
1610 1183 1654 1255 ιριΙ
1677 1182 1825 1241 humiliarit
1838 1185 1937 1242 diabo-

288 1282 370 1339 rerba
385 1281 457 1354 pacis
468 1295 643 1353 exponamus.
656 1279 716 1351 lpse
734 1293 783 1336 nos
797 1275 854 1334 heri
874 1277 1005 1347 resupinis
1024 1291 1084 1332 ma·
1137 1273 1193 1330 lum
1207 1315 1214 1342 ,
1229 1280 1256 1330 et
1270 1273 1396 1330 exaltarit
1410 1273 1545 1330 Christum
1557 1289 1645 1332 munt.
1661 1274 1749 1331 Gloria
1760 1276 1787 1331 in
1799 1277 1936 1334 ultissimis

291 1373 372 1430 nibtts
387 1374 414 1429 in
427 1372 593 1444 rerbopacis
606 1371 733 1442 excepit,
755 1379 783 1427 et
803 1385 853 1426 nos
873 1367 954 1426 herste
974 1369 1084 1426 dilatato
1137 1362 1192 1420 Deo
1226 1363 1271 1436 qui
1286 1363 1449 1422 discordiam
1469 1364 1562 1438 lugat,
1584 1374 1611 1421 et
1631 1381 1724 1438 pacem
1744 1369 1847 1424 statuit.
1868 1369 1937 1426 [tien

290 1477 420 1538 pectore,
434 1465 557 1538 uiuisque
570 1463 721 1538 patentibus
734 1462 767 1519 ad
783 1461 924 1518 Dominum
941 1476 1002 1517 enm
1022 1476 1083 1516 mn·
1138 1455 1182 1511 eni
1223 1453 1300 1511 robis
1311 1464 1396 1511 artem
1410 1454 1527 1524 diaboli,
1541 1457 1617 1529 cujus
1635 1473 1721 1530 neque
1736 1473 1784 1515 rus
1806 1461 1936 1516 astutiam

291 1557 403 1614 neribus
416 1557 490 1629 pacis
503 1571 685 1614 occurramus.
700 1553 759 1612 lam
773 1553 841 1610 beila
853 1553 988 1610 destructa
1001 1561 1083 1621 sunt,
1138 1547 1276 1619 ignoratis.
1291 1546 1363 1606 ttdtt
1373 1555 1481 1608 saunas
1497 1551 1648 1610 iirmitatem
1664 1552 1724 1608 hdei
1737 1595 1745 1621 ,
1760 1553 1936 1611 stabilitatem

291 1648 462 1721 pulchritudo
476 1649 548 1720 pacis
560 1647 684 1705 obtinuit
705 1645 782 1703 Nunc
798 1644 825 1702 in
848 1645 922 1702 luctu
935 1653 977 1702 est
988 1642 1083 1700 diabo-
1138 1638 1165 1696 in
1179 1652 1210 1693 ea
1227 1638 1326 1708 pietate
1338 1640 1491 1714 dogmatum
1504 1651 1625 1716 septam,
1641 1644 1707 1701 vidit
1716 1653 1743 1701 et
1753 1660 1866 1716 opernm
1883 1646 1934 1702 be-

289 1743 343 1808 lus,
357 1741 418 1797 etin
433 1739 622 1797 lamentatione
634 1739 721 1795 omnis
733 1736 883 1794 demonum
896 1746 999 1805 turma;
1012 1751 1085 1793 aune
1137 1747 1233 1790 norum
1247 1730 1376 1790 lruetihns
1388 1733 1565 1792 abundantem
1582 1754 1588 1790 :
1604 1744 1631 1792 et
1650 1735 1712 1793 ideo
1725 1751 1773 1808 pro
1787 1737 1831 1794 his
1844 1738 1935 1794 omni-

292 1834 321 1890 ia
335 1833 485 1890 celestibus
497 1831 588 1888 letitia
600 1873 609 1901 ,
621 1842 649 1888 et
660 1833 687 1886 in
697 1831 801 1902 angelis
810 1828 972 1896 exsultatio,
987 1827 1085 1899 quihus
1137 1823 1188 1882 hus
1202 1824 1236 1882 ad
1251 1825 1381 1882 insaniam
1395 1827 1488 1894 uenit,
1513 1835 1541 1883 et
1560 1825 1634 1884 rabie
1652 1827 1751 1884 luanus
1769 1829 1891 1895 exarsit,
1906 1839 1936 1885 ut

294 1923 419 1997 specialis
433 1921 571 1979 lamiliaris
585 1938 647 1995 pax.
662 1923 801 1980 llooertim
813 1923 893 1978 etiam
903 1921 1025 1979 minues
1037 1919 1085 1976 ad·
1138 1917 1274 1975 scinderet
1292 1919 1435 1976 amicitiam
1457 1927 1486 1976 ct
1505 1919 1630 1978 evelleret
1650 1921 1809 1990 caritatem,
1826 1931 1857 1978 ut
1875 1921 1940 1980 tiisn

295 2016 426 2072 mirantur
438 2015 550 2072 uirtutes
561 2029 647 2087 opus,
660 2029 728 2087 quas
738 2011 799 2071 lons
814 2015 872 2085 ejus
892 2013 973 2070 habet
986 2029 1083 2085 peren·
1138 2019 1275 2082 rumperet
1288 2025 1380 2081 pacem
1394 2028 1401 2066 ι
1415 2011 1461 2068 sed
1475 2025 1526 2083 pax
1541 2011 1644 2068 homini
1657 2027 1762 2084 semper
1782 2013 1818 2070 sit
1837 2013 1934 2069 nobie·

295 2107 356 2173 nis,
370 2121 403 2162 ex
415 2121 468 2178 quo
479 2107 560 2162 etiam
573 2115 677 2162 terrena
698 2105 757 2163 haec
767 2113 859 2162 nostra
871 2107 951 2177 guttis
971 2106 1083 2178 quibus-
1129 2114 1218 2168 cum,
1244 2101 1271 2155 lu
1286 2099 1392 2157 Christo
1406 2099 1469 2158 lesu
1484 2100 1597 2157 Domino
1618 2112 1728 2171 trustra,
1748 2117 1808 2158 curn
1824 2118 1878 2175 quo
1892 2113 1936 2160 est

294 2198 356 2255 dnm
388 2197 484 2254 exiude
500 2199 661 2256 stillantibus
679 2199 835 2257 innonatur.
855 2199 889 2255 Ε(
907 2199 967 2256 ideo
981 2199 1084 2258 etiamsi
1138 2187 1195 2250 beo
1209 2191 1281 2249 Patri
1292 2201 1318 2250 et
1328 2191 1436 2266 Spiritui
1452 2203 1546 2252 unere
1560 2193 1643 2268 alonia
1661 2195 1688 2250 itt
1705 2196 1801 2252 secuta
1815 2195 1934 2252 saculo-

292 2290 322 2345 in
339 2290 419 2347 terris
432 2306 504 2363 pax,
518 2291 604 2347 laudis
616 2291 674 2364 ejus
693 2291 818 2364 splendor
831 2292 963 2349 redundat
982 2293 1009 2348 in
1029 2307 1084 2348 cn-
1139 2301 1212 2343 rum.
1226 2284 1323 2342 haten.
1439 2293 1443 2300 '

670 2681 1543 2837 msnounnxnucrmxsosromtonamontm,
1922 2737 1949 2836 ,ξι

832 2898 1020 2968 narseum
1040 2899 1121 2958 taur
1139 2901 1175 2960 m
1193 2900 1363 2960 exsttmu.

325 3030 353 3086 ln
380 3037 512 3102 postrema
538 3029 640 3088 ilorelli
662 3029 785 3088 Editione
812 3032 846 3089 ad
873 3031 972 3089 calcem
999 3033 1078 3091 'lornl
1137 3034 1301 3106 retapriori
1317 3032 1445 3091 orationis
1458 3042 1543 3107 parte.
1565 3033 1667 3109 Siquid
1680 3039 1934 3096 ueroenuntiatur·

288 3122 375 3193 nutanti
388 3122 458 3179 edim
473 3123 522 3180 init
533 3123 625 3180 Oratio
635 3123 820 3196 chrysostomi
834 3134 977 3196 numquam
991 3125 1042 3183 iret
1057 3127 1084 3182 iu
1137 3123 1208 3195 qnod
1231 3123 1264 3180 ad
1287 3139 1377 3181 reram
1401 3128 1459 3196 cius
1480 3124 1566 3182 exsilii
1587 3125 1725 3184 historiam
1747 3129 1880 3202 quadret,
1905 3129 1933 3188 id

288 3213 430 3280 exsilium,
444 3213 477 3268 nd
491 3216 616 3284 populum
630 3214 739 3283 habita,
759 3231 792 3271 es
813 3215 873 3272 Vita
900 3214 1082 3289 chrysostomi
1136 3217 1258 3274 censita
1273 3217 1403 3285 remisso,
1419 3233 1452 3274 ne
1468 3217 1530 3289 quid
1555 3217 1622 3275 nitra
1642 3218 1795 3290 prolcram,
1815 3221 1928 3290 dicendi

287 3320 337 3376 per
357 3304 499 3375 Georgium
520 3305 728 3362 Alexandrinum
749 3317 891 3379 excerpta,
910 3323 987 3380 quse,
1010 3307 1083 3380 quod
1135 3321 1233 3380 genere
1248 3319 1393 3378 narratur,
1409 3317 1438 3364 ut
1452 3309 1491 3366 ias
1504 3324 1564 3366 esse
1578 3325 1631 3367 nou
1650 3310 1773 3368 rideatur
1792 3312 1818 3369 id
1837 3311 1933 3388 Chry-

289 3405 392 3467 spectat
406 3395 438 3449 ad
451 3395 588 3452 dimidiam
603 3397 721 3468 priorem
742 3409 844 3468 partem
865 3400 899 3456 ad
920 3400 978 3458 hacc
997 3417 1083 3472 usqne
1136 3412 1255 3459 sostomo
1267 3402 1429 3458 adscribere.
1444 3399 1523 3459 Certe
1536 3403 1616 3459 alium
1639 3405 1813 3476 quarendum
1833 3415 1933 3462 aucta·

291 3487 372 3541 verba
384 3527 392 3554 ,
406 3487 451 3541 sed
462 3488 533 3542 uideo
544 3487 666 3558 quosdam
677 3491 721 3562 oui
734 3491 798 3546 mihi
809 3502 923 3549 oructares
937 3503 1014 3564 strat,
1029 3511 1083 3551 non
1136 3510 1192 3552 rem
1205 3511 1265 3552 esse
1277 3495 1370 3553 stradet
1383 3505 1459 3551 retus
1477 3495 1679 3568 interpretatio,
1699 3513 1778 3570 quam
1792 3499 1933 3572 subjungi-

291 3577 785 3652 iudignaChrysostomoridetnr:et
805 3585 864 3640 talis
883 3601 898 3641 a
916 3587 1082 3646 virisdoctis
1135 3597 1517 3659 mus,quucquepostremam
1531 3597 1612 3644 totam
1634 3598 1737 3660 partem
1754 3591 1933 3655 tacuit.Eaxa
2042 3643 2043 3672 ,

290 3671 604 3742 lnahetur,pancinribus
613 3674 674 3729 aliis
683 3675 897 3733 reclamantibus.
909 3677 937 3733 lu
948 3677 998 3735 hac
1007 3688 1083 3738 certo
1134 3692 1165 3734 se
1188 3677 1287 3734 uidisse
1311 3686 1502 3735 commemorat
1525 3681 1552 3736 iu
1574 3677 1672 3738 Codice
1691 3680 1806 3754 quodam
1829 3683 1933 3738 montis
2042 3673 2043 3682 ’

288 3766 374 3835 prima
401 3773 494 3834 parte,
517 3781 578 3822 meo
599 3767 705 3838 qnideut
726 3768 847 3840 judicio,
873 3773 990 3829 occurrit
1014 3773 1082 3831 nihil
1135 3767 1239 3824 Cossini
1266 3768 1345 3826 ioan.
1368 3767 1538 3829 ilabillouius
1556 3783 1648 3830 noster
1669 3774 1698 3832 ln
1717 3775 1816 3833 itincre
1838 3775 1934 3834 italico

286 3857 358 3929 quad
370 3873 404 3913 co
417 3856 509 3929 adigat
525 3898 533 3924 ,
546 3868 576 3915 nt
587 3859 667 3916 alium
680 3877 760 3934 qoam
774 3861 993 3937 chrysostomum
1006 3881 1080 3939 qnae.
1134 3876 1162 3932 p.
1177 3861 1239 3931 tat,
1258 3861 1301 3918 tihi
1312 3861 1457 3920 Severiano
1466 3863 1627 3921 Cahalomm
1639 3905 1648 3933 ,
1659 3865 1745 3938 iuquit
1754 3865 1816 3934 iiie,
1827 3869 1934 3926 adscri-

287 3964 377 4005 ramus
389 3959 535 4006 auctorem.
551 3951 729 4011 Posteriorem
744 3970 809 4012 reru
822 3967 943 4029 partem,
964 3959 1079 4017 salebris
1135 3953 1217 4010 bitur.
1237 3955 1336 4011 Verum
1358 3954 1494 4012 Severiaui
1514 3971 1658 4028 numquam
1676 3973 1738 4016 esse
1758 3959 1863 4031 potuit,
1881 3976 1935 4018 nee

285 4039 412 4110 plenam,
428 4040 600 4109 intricatam,
617 4059 677 4116 qun
687 4059 760 4116 saepe
771 4046 814 4102 nil
827 4089 835 4116 ,
850 4062 883 4104 ac
901 4063 935 4105 ne
960 4050 1003 4104 rix
1022 4051 1082 4120 qni·
1134 4045 1166 4101 ad
1181 4046 1237 4116 ejtts
1252 4045 1388 4102 historiam
1403 4046 1534 4118 quadrare
1545 4046 1625 4105 ualet.

287 4131 496 4204 dem,intelligi
512 4136 1081 4214 potest,salteututexstathodie,Chry.
1170 4137 1302 4194 Tilmanai
1321 4138 1587 4209 interpretationem,
1618 4149 1708 4212 utpote
1727 4141 1935 4216 paraphrastice
2041 4215 2042 4218 Ἴ

286 4231 406 4278 sostotuo
420 4223 622 4294 abjudicandam
636 4242 788 4285 censemus.
800 4228 868 4286 Nam
882 4231 967 4303 stylus
979 4233 1079 4288 ahhor-
1136 4231 1310 4297 adornatam,
1324 4231 1488 4302 reiecimns,
1502 4249 1650 4308 nouamque
1661 4235 1824 4307 parturimus.

297 4325 1933 4366 -----.-..........-...-....-......-.-,,--

748 4426 986 4502 ΗΟΜΙΒΙΑ
1016 4432 1165 4506 ANTE
1189 4434 1464 4510 exsultim.

1017 4588 1182 4644 11κω>181

323 4693 351 4750 l.
369 4693 444 4752 llulti
461 4696 558 4756 dumus
577 4700 677 4758 instant
694 4717 842 4777 gratesque
863 4709 1007 4778 procellae3
1029 4709 1078 4767 sed
1132 4713 1228 4790 lectum
1241 4722 1370 4772 restrum.
1387 4715 1604 4788 ldeopraeseatia
1623 4733 1824 4789 commemoro,
1845 4737 1933 4794 rogo·

285 4785 472 4844 nontimemus
484 4790 761 4864 nesubmergamnr:
786 4811 846 4853 narn
868 4800 895 4856 in
915 4813 989 4870 petra
1008 4819 1075 4859 eon·
1130 4819 1183 4876 que
1200 4807 1337 4864 caritatem
1354 4816 1489 4876 vestram,
1511 4819 1541 4866 nt
1563 4809 1685 4867 fiduciam
1706 4811 1812 4870 habeat.
1832 4813 1933 4870 Nullus

163 4893 170 4905 ·
284 4877 414 4935 sistimus.
436 4883 533 4938 Seriat
549 4898 643 4952 mare,
667 4897 770 4957 petram
792 4890 941 4951 dissolvere
959 4898 1074 4968 nequit:
1129 4897 1227 4970 quippe
1238 4913 1287 4956 nos
1300 4915 1425 4972 separare
1435 4903 1636 4974 poterit;quod
1647 4904 1719 4961 enim
1733 4905 1804 4962 heus
1816 4908 1932 4978 conjun-

283 4979 422 5041 resurgant
434 4969 530 5029 ductus
542 5015 550 5043 ,
561 4974 627 5032 lesu
637 4978 770 5051 navigium
781 4980 937 5055 dentergere
948 5003 1001 5042 nou
1014 5003 1076 5058 pos·
1128 4989 1185 5057 xit,
1200 4989 1281 5047 horno
1294 5007 1418 5064 separare
1430 4995 1530 5067 nequit.
1541 4993 1607 5050 llam
1622 4995 1645 5052 si
1657 4995 1692 5054 de
1703 4997 1761 5053 niro
1773 5012 1806 5055 ac
1822 4998 1857 5055 de
1873 5015 1932 5056 mu·

158 5092 165 5100 -
284 5069 358 5114 snut.
385 5061 474 5129 Quid,
500 5080 611 5134 qnaeso,
635 5068 796 5126 tineamus?
815 5071 984 5132 Hortenmei
1007 5076 1076 5134 lliitt'
1128 5079 1194 5137 llere
1208 5081 1291 5138 dicit:
1306 5083 1417 5157 Propter
1427 5086 1475 5140 hoo
1486 5085 1610 5161 relinquet
1620 5089 1696 5144 homo
1707 5099 1803 5162 putrent
1816 5107 1896 5146 arsat
1908 5103 1931 5147 et

283 5150 365 5208 rinna
378 5151 493 5210 Christus
502 5165 539 5212 eat
549 5196 558 5222 ,
567 5166 591 5212 et
602 5160 667 5213 mori
676 5160 775 5217 lucrata
783 5161 912 5237 (Philipp.
925 5169 951 5223 l.
962 5168 1019 5241 rt).
1031 5173 1075 5228 hu
1127 5182 1233 5227 atutrem
1244 5191 1333 5244 suurn,
1348 5187 1371 5232 et
1384 5177 1521 5235 adhaerebit
1532 5182 1605 5236 uxori
1617 5197 1686 5249 snoe,
1700 5189 1725 5236 et
1739 5189 1812 5236 eruta
1825 5182 1880 5237 duo
1903 5183 1929 5236 ita
2042 5191 2043 5214 ¹

281 5241 424 5310 exsilium,
439 5243 481 5300 die
492 5245 579 5301 mihil
592 5247 696 5305 domiai
707 5260 744 5306 est
759 5262 827 5310 terro
839 5265 862 5312 et
875 5258 1006 5328 plenitudo
1016 5262 1072 5333 ey'ttr
1126 5277 1228 5318 curnem
1240 5281 1318 5322 unum
1332 5266 1414 5340 (Gen.
1427 5269 1454 5325 2.
1469 5269 1525 5342 at)
1540 5291 1547 5327 a
1561 5272 1629 5343 quod
1644 5287 1703 5346 erpo
1725 5271 1793 5328 liene
1812 5274 1927 5342 conjun-

282 5329 378 5404 (Ρωὶ.
393 5333 438 5391 25.
456 5334 466 5391 l
482 5336 505 5409 ).
520 5337 560 5394 hu
581 5339 736 5399 laenitatem
756 5347 983 5417 publicationem?
997 5352 1074 5410 Nihil
1124 5353 1181 5423 atil,
1197 5356 1271 5412 bomo
1286 5375 1338 5414 nott
1350 5361 1471 5435 reparet(
1486 5361 1578 5418 hatra.
1595 5363 1638 5420 19.
1652 5365 1678 5422 5.
1692 5365 1708 5422 6
1722 5363 1742 5438 ).
1762 5364 1791 5422 Si
1815 5367 1927 5438 nuptias

281 5422 412 5480 intuliuraa
433 5425 460 5480 iu
480 5428 618 5497 amdam,
640 5441 783 5507 marmore
802 5447 840 5494 est
860 5457 906 5498 aas
927 5443 993 5499 nihil
1012 5444 1072 5502 la'ac
1127 5463 1180 5504 non
1203 5459 1280 5522 potes
1305 5451 1452 5522 dirimere,
1472 5463 1572 5528 quanto
1593 5457 1682 5514 minus
1701 5457 1849 5516 Ecclesiam
1876 5458 1925 5515 net
2042 5439 2043 5488 l

280 5509 372 5579 ellare
395 5532 469 5585 posse
493 5519 538 5591 (l.
558 5517 627 5576 Tira.
649 5521 677 5580 a.
699 5525 738 5597 ’1)
761 5544 767 5580 :
794 5529 973 5603 terribiliaque
993 5534 1072 5606 hujus
1124 5549 1202 5612 potes
1214 5543 1385 5604 dissolrcrel
1398 5545 1450 5604 Sed
1463 5563 1521 5604 eam
1535 5563 1688 5622 oppugnas,
1703 5565 1762 5607 cnm
1777 5550 1844 5608 nihil
1858 5567 1927 5623 pos·

283 5605 375 5661 mundi
389 5609 454 5664 mihi
466 5609 603 5682 despectui
614 5623 695 5686 sunt,
707 5627 741 5675 et
758 5619 828 5677 hona
840 5621 899 5694 ejus
912 5624 967 5680 risu
979 5625 1068 5698 digna.
1124 5632 1162 5690 sis
1182 5632 1282 5691 ludere
1304 5651 1365 5693 eum
1389 5653 1467 5710 quem
1491 5637 1608 5710 impetis.
1633 5639 1731 5698 Verum
1753 5657 1797 5700 me
1820 5642 1927 5701 reddes

281 5691 341 5750 Non
361 5702 541 5770 paupertatem
562 5705 663 5775 timeo,
688 5725 741 5767 nort
762 5711 867 5770 divitias
887 5718 1069 5789 concupisco:
1123 5721 1354 5799 splendidiorem,
1369 5733 1493 5802 tuamque
1506 5731 1557 5788 rim
1572 5745 1677 5787 mecum
1693 5733 1835 5805 pumundo
1847 5733 1924 5806 dey'i·

278 5795 333 5841 non
345 5799 458 5850 mortem
478 5803 586 5864 metuo,
608 5813 660 5855 nec
682 5800 772 5860 virere
796 5811 879 5874 (ριο,
894 5806 945 5863 nisi
958 5807 991 5863 ad
1004 5823 1068 5881 pro·
1123 5812 1198 5870 cies:
1213 5815 1313 5876 liuram
1327 5836 1441 5896 namque
1457 5821 1501 5876 tibi
1513 5829 1549 5877 ert
1564 5832 1652 5878 enarra
1663 5821 1793 5879 armaten
1809 5835 1922 5888 neutum
