4142 6342
21 284 61 432 s.
178 316 237 385 snt
398 370 450 391 s,
787 318 820 375 n·
840 300 1036 387 ticenum
1057 318 1196 379 sununs.
1274 328 1279 339 ·
1770 316 1823 373 sss

22 414 61 512 '⁴
180 438 282 495 saltem
307 434 387 507 igitrrr
411 432 447 489 oh
470 420 563 489 mrum
585 430 736 495 honorans,
756 446 815 501 qum
845 430 975 501 promissa
1029 432 1102 491 enim
1116 434 1201 491 solnm
1215 449 1274 505 quae
1294 434 1414 507 aceepit,
1430 433 1721 506 diligenterassertat,
1734 427 1825 486 sedet

32 513 56 589 ,’
180 534 267 593 sunt,
290 521 502 597 magnitudinem
526 534 611 591 egeno
634 518 733 590 prmbe.
761 518 841 577 llides
863 528 977 591 quatuor
1030 522 1126 593 majori
1139 522 1187 579 tihi
1200 540 1294 581 rursus
1312 540 1374 582 cum
1386 527 1541 581 accessione
1552 522 1679 581 restituit.
1691 519 1732 577 lle
1742 519 1825 591 igitur

22 650 29 702 ὁ
43 591 59 625 '²
146 652 153 665 ·
180 629 357 687 causasque
368 620 478 687 possent
486 611 528 667 rel
541 608 656 681 lapidem
670 610 768 681 ipsum,
779 618 806 667 et
817 625 937 675 asarum,
950 618 978 667 ct
1024 613 1152 672 ‘imminui
1165 614 1243 677 nobis
1253 614 1394 672 facultates
1410 615 1588 684 arbitremur,
1601 628 1663 671 eum
1674 602 1841 685 eleemosp·'

28 758 32 766 ,
52 769 56 778 ,
183 716 356 772 excecatum,
369 712 397 761 et
408 700 646 759 immisericordem
661 700 808 771 hominem,
818 710 846 756 ct
857 696 977 759 omnium
1029 719 1093 761 nam
1111 720 1263 777 erogamus.
1274 706 1333 763 Non
1346 708 1419 765 enirn
1429 708 1596 774 minuuntur,
1609 705 1658 777 sed
1671 714 1801 777 augentur
1817 721 1827 768 r

52 781 59 805 '
184 796 396 870 stupidissimum
409 792 544 851 ensium?
558 792 644 860 Quam
658 791 855 865 igitnrreniam
869 807 978 864 sperare
1029 809 1084 852 non
1105 795 1299 864 absumuntur,
1322 797 1371 853 sed
1388 797 1617 870 multiplicantur,
1632 803 1661 853 et
1680 792 1826 867 negotiatio

186 895 328 963 poterunt,
342 887 388 959 qui
403 891 463 957 post
487 891 588 941 tantam
610 883 822 942 cohortationem
841 892 869 941 et
891 884 979 943 consi·
1029 885 1152 958 qondam
1164 887 1272 943 resista
1290 894 1318 943 et
1331 890 1460 945 umentis
1475 898 1516 945 est
1530 906 1538 943 ε
1554 887 1596 944 nel
1610 887 1698 958 potins
1711 894 1826 955 utroque
1874 956 1879 965 .

185 980 249 1039 lium
271 992 371 1049 egeam
392 974 562 1047 despicient?
588 974 681 1029 Dicam
706 982 733 1031 et
753 974 825 1031 aliud
850 985 978 1047 praetcrea
1030 976 1142 1033 istorum
1157 978 1333 1049 quaestuosius
1346 978 1473 1051 quiddam
1490 986 1520 1036 et
1539 978 1631 1037 tutius.
1645 977 1712 1035 liam
1727 990 1825 1033 merca·

183 1070 312 1143 quiddam
327 1086 334 1125 ι
347 1067 457 1124 audiant
480 1067 528 1139 qni
547 1066 684 1138 mysteriis
707 1074 770 1123 sunt
791 1066 898 1123 initiati.
911 1065 978 1122 Cum
1031 1076 1090 1125 lora
1101 1068 1207 1139 quidem
1225 1070 1359 1127 sentisse
1377 1069 1503 1129 ductibus
1515 1070 1662 1141 multisque
1680 1066 1824 1139 naniragiit

185 1163 221 1219 ali
233 1170 259 1219 te
277 1175 345 1232 opus
361 1160 455 1227 lamis,
470 1174 505 1217 ne
517 1158 591 1215 carni
601 1158 712 1229 quidem
728 1172 784 1215 succ
797 1158 881 1229 parcit
897 1158 954 1229 ipse
970 1174 977 1213 :
1030 1166 1074 1215 est
1095 1159 1227 1227 obnoxia,
1243 1160 1361 1232 itemque
1381 1162 1484 1218 munina
1498 1160 1664 1218 siccitatibus
1677 1160 1763 1229 aeris,
1776 1159 1829 1215 im·

187 1271 249 1314 cum
263 1255 310 1312 tibi
321 1262 412 1325 potum
424 1251 482 1308 dari
494 1266 561 1323 opus
580 1250 674 1319 inerit,
690 1265 725 1307 ne
736 1250 858 1321 sanguini
871 1249 979 1321 quidem
1030 1250 1139 1319 bribns,
1158 1252 1317 1325 ceterisque
1331 1253 1438 1324 iniuriis
1455 1262 1482 1310 et
1496 1254 1719 1326 inaequalitatibus
1733 1252 1826 1309 aeris:

185 1362 236 1403 suo
246 1345 341 1419 parcit,
354 1360 404 1403 nec
416 1344 492 1417 illum
506 1343 626 1401 invidet:
641 1351 670 1400 tn
685 1358 749 1400 tero
763 1338 797 1399 n'e
811 1357 907 1414 panem
920 1343 980 1414 qui·
1030 1356 1092 1413 qum
1105 1357 1169 1399 sero
1188 1343 1324 1403 inmanes
1339 1341 1438 1401 Christi
1455 1347 1632 1401 consternatur
1644 1342 1776 1414 menalce,
1790 1340 1827 1399 ab

186 1439 248 1497 dem
272 1439 412 1510 impertis,
431 1452 482 1495 nce
502 1436 728 1507 caliccmiQuanr
747 1436 854 1495 medem
875 1438 980 1493 reniam
1032 1430 1137 1489 insidiis
1150 1434 1274 1491 omnibns
1288 1442 1351 1491 sunt
1363 1433 1509 1493 immunes.
1519 1433 1605 1491 Nemo
1624 1446 1719 1505 rapere
1737 1439 1828 1504 polest

186 1528 336 1595 obtinebis,
351 1526 398 1600 qui
420 1535 459 1583 tot
478 1527 556 1583 benis
573 1535 627 1585 mm
641 1528 766 1599 pretiosis
782 1528 910 1601 acceptis,
924 1536 978 1585 tans
1032 1522 1067 1581 de
1086 1540 1165 1582 manu
1185 1526 1261 1595 eius,
1275 1543 1337 1583 curn
1351 1528 1485 1601 acceperit
1498 1542 1531 1584 ea
1550 1542 1611 1599 quse
1624 1526 1709 1584 semei
1725 1525 1750 1583 ei
1764 1535 1830 1583 sust

187 1620 287 1677 vilibus
302 1620 415 1692 parcas?
429 1618 497 1676 Vide
510 1634 545 1677 na
559 1618 714 1692 frequenter
732 1635 792 1677 cum
806 1620 913 1679 Christo
927 1621 981 1677 lar·
1032 1617 1148 1673 tradita:
1163 1618 1211 1675 sed
1225 1627 1334 1684 manent
1347 1618 1516 1693 multumque
1527 1618 1607 1676 nobis
1620 1626 1649 1675 et
1666 1616 1830 1677 immensum
1857 1668 1860 1673 .

185 1710 239 1782 giri
251 1708 286 1766 ad
301 1710 404 1769 lucrum
426 1710 611 1777 recusaveris,
625 1710 659 1767 ad
670 1710 797 1772 damnum
812 1712 918 1771 diaholo
929 1714 981 1769 lar·
1031 1708 1147 1767 iructum
1160 1710 1278 1780 pariuut,
1292 1718 1321 1766 ct
1335 1709 1445 1767 uberem
1458 1711 1486 1767 in
1501 1718 1622 1781 tempore
1634 1723 1752 1767 messem
1764 1724 1828 1783 pro·

185 1800 278 1872 giaris.
292 1801 357 1857 ilum
371 1801 442 1858 enim
457 1802 617 1873 pauperihus
631 1816 684 1859 nnn
705 1801 816 1871 demus,
830 1804 981 1874 impostori·
1032 1797 1132 1855 ieru'nt.
1145 1799 1195 1867 Qui
1208 1801 1279 1856 enim
1290 1817 1367 1872 perce
1377 1803 1494 1871 nminat,
1505 1801 1603 1874 inquit,
1615 1817 1690 1873 parce
1701 1811 1726 1857 et
1736 1809 1828 1867 metm

186 1889 238 1947 bus
258 1889 353 1947 damus
377 1906 385 1945 c
411 1892 484 1949 iures
504 1891 661 1965 plerumque
686 1892 729 1950 tel
749 1894 863 1949 malcilci
890 1893 981 1949 lamuli
1032 1898 1058 1945 et
1079 1891 1124 1962 qni
1141 1892 1249 1948 sentinat
1264 1893 1292 1947 in
1312 1892 1545 1962 benedictionibus,
1566 1894 1598 1949 de
1610 1892 1828 1949 benedictionibus

186 1978 351 2053 abripientes
362 1979 477 2047 abeunt,
492 1981 534 2037 rel
547 1981 627 2043 etiam
642 1982 740 2053 aliquis
753 1981 822 2038 aliu's
835 1998 924 2040 rerum
936 1997 981 2039 ca·
1032 1981 1109 2035 dium
1122 1990 1196 2037 metet
1210 1982 1248 2052 (Ξ.
1260 1980 1320 2038 Gor.
1334 1982 1361 2038 9.
1376 1980 1416 2054 d).
1427 1982 1542 2054 Copiose
1552 1984 1643 2054 itaque
1651 1983 1826 2049 seminemus,

186 2084 235 2127 sns
260 2069 357 2127 anien.
385 2069 419 2127 Et
445 2086 510 2129 roro
530 2080 669 2144 postquam
703 2072 763 2130 hae
793 2074 980 2131 critascrimns
1033 2078 1065 2127 nt
1086 2071 1123 2128 its
1144 2086 1252 2146 quoque
1273 2081 1425 2142 meamus,
1438 2084 1467 2131 et
1484 2074 1539 2130 rita
1562 2073 1684 2133 fruamur
1706 2084 1834 2132 acternsc.
1889 2130 1899 2151 ,

188 2160 290 2229 omnia,
303 2176 377 2217 mors
393 2161 575 2219 interveniens
588 2163 689 2221 drrdom
701 2163 824 2223 abducet.
839 2164 878 2221 No
897 2165 981 2237 ¹igitur
1033 2179 1113 2235 qnam
1128 2179 1179 2223 nos
1192 2179 1287 2222 omnes
1300 2166 1402 2222 utinam
1416 2180 1631 2237 consequamur,
1642 2165 1729 2237 gratis
1739 2174 1768 2223 et
1778 2164 1829 2223 he·

188 2250 282 2307 isthac
302 2252 444 2317 cressiani,
457 2254 531 2325 prius
543 2252 651 2311 clarinto
664 2254 766 2325 petenti
779 2256 940 2329 largiamur,
953 2266 981 2314 et
1033 2256 1163 2326 niquitate
1175 2257 1282 2314 bomini
1297 2259 1381 2317 nonni
1393 2258 1458 2316 lesu
1473 2257 1594 2329 Christi,
1607 2254 1671 2315 cnm
1688 2274 1741 2332 qno
1756 2257 1829 2316 Patri

187 2342 216 2397 ln
231 2340 357 2399 thesemo
373 2342 454 2399 nullis
472 2342 642 2414 predonibus
661 2344 781 2403 obnoxio
801 2360 979 2418 reponamus,
1034 2348 1167 2422 simulque
1187 2349 1300 2420 Spiritui
1319 2358 1414 2407 sancto
1428 2350 1529 2421 gloria,
1550 2348 1692 2419 imperium
1703 2392 1712 2417 ,
1724 2348 1828 2417 bonon

188 2440 218 2488 ιιι
234 2440 262 2489 et
280 2431 314 2489 de
333 2432 496 2491 custodiant
516 2433 551 2491 de
572 2444 701 2506 proventu
723 2435 899 2495 confidamus.
923 2437 981 2493 lion
1034 2452 1106 2495 nunc
1118 2446 1299 2511 etsemperet
1311 2438 1445 2497 insaecula
1457 2437 1627 2496 seculorum.
1641 2441 1738 2497 dinen.

621 2910 675 2972 tn
695 2908 901 2972 nonrmlli
921 2909 962 2972 tlt
983 2908 1140 2997 nhhlnll
1160 2908 1213 2970 ET
1234 2909 1403 2973 VIDUAM.

174 3050 179 3082 ¹
222 3068 295 3127 Nihil
308 3071 473 3144 detempcre
488 3072 531 3130 rel
547 3072 580 3130 dc
593 3088 665 3131 anno
678 3073 757 3146 huius
770 3074 867 3133 nablis
876 3072 983 3144 concio-
1035 3071 1085 3129 llic
1103 3071 1269 3145 propositum
1289 3071 1426 3129 cernimus
1444 3078 1661 3152 argumentante
1678 3070 1709 3128 S.
1720 3068 1830 3126 doctnns

190 3160 233 3218 nis
245 3160 386 3231 dicendum
397 3164 549 3223 succurrite
566 3164 632 3221 nibil
644 3165 713 3237 signi
725 3165 982 3237 suppetit,quoeans
1035 3176 1208 3235 summopere
1221 3160 1430 3235 frequentatum,
1446 3161 1481 3219 de
1494 3161 1666 3235 eleemosyna
1679 3159 1781 3218 scilicet
1802 3166 1830 3215 et

189 3250 233 3307 ecl
245 3250 394 3310 Antiochiae
407 3253 696 3327 rchonstantlnopoli
708 3255 807 3312 dictam
821 3254 983 3313 internosca-
1034 3254 1070 3312 de
1092 3254 1294 3326 hospitalitate,
1309 3268 1377 3327 quas
1398 3254 1444 3311 ille
1467 3267 1576 3327 semper
1598 3253 1669 3313 inter
1696 3249 1830 3323 precipua

191 3356 262 3401 mus.
275 3343 331 3401 lloe
344 3360 427 3403 unum
442 3354 516 3403 certn
536 3354 570 3417 et¹
587 3360 682 3405 secure
702 3347 793 3405 dicere
817 3359 980 3418 ιιιιιιιιιιιιιι,
1033 3341 1366 3401 Christianmeitmoillcis
1379 3342 1483 3401 habuit.

190 3445 254 3491 esse
274 3434 345 3493 iham
363 3437 507 3511 genuinam
527 3447 556 3497 et
575 3438 769 3511 chrysostomo
785 3439 979 3512 dignissimam.
1071 3436 1260 3508 interpretatio
1270 3435 1363 3492 latina
1378 3442 1419 3492 est
1432 3432 1578 3492 Frontonis
1591 3431 1691 3490 linesi.

852 3666 908 3738 nt
929 3662 1160 3751 HELIAM,

373 3828 389 3877 l
693 3835 734 3877 1'1'
755 3835 787 3878 tlt
808 3832 944 3889 Vimiffl,
967 3833 1007 3877 BT
1028 3834 1071 3876 litt
1093 3828 1320 3875 eleemosina-

843 3954 1175 4009 ——Qffim

228 4091 256 4147 i.
277 4089 450 4165 Elcenrnsgnn
458 4094 586 4167 dignitas:
600 4092 658 4151 dne
680 4096 763 4151 sidnoe
774 4096 826 4151 dno
839 4102 984 4151 tentaminis
1037 4091 1095 4148 ihis
1113 4085 1266 4146 occludunt
1292 4084 1380 4157 hique
1394 4082 1445 4140 hoc
1456 4096 1493 4139 ex
1504 4080 1651 4155 virginibus
1670 4079 1723 4158 illis
1744 4086 1830 4150 patet,

192 4172 556 4261 transmit-*liteinins
570 4187 667 4260 quibus
677 4186 865 4259 iciumbsmus
878 4200 982 4255 omnes,
1037 4195 1098 4254 qne
1112 4186 1254 4252 propterea
1273 4189 1351 4233 sacro
1371 4175 1417 4231 illo
1437 4173 1556 4231 thalamo
1574 4171 1683 4231 innunt
1700 4171 1828 4240 excluse,

193 4286 256 4331 ιιι
266 4290 451 4349 sepenumero
461 4292 612 4337 sermonem
627 4263 987 4353 institsersdeeleemnspna
1039 4270 1208 4343 quedeleum
1220 4269 1247 4323 in
1257 4265 1426 4337 lampadibus
1437 4266 1628 4336 snisperpetno
1638 4278 1691 4319 non
1700 4262 1832 4319 haberent

191 4368 370 4437 statuissem,
403 4370 607 4439 superveniente
621 4382 732 4441 vespera
746 4382 806 4425 sunt
819 4368 983 4440 impeditus,
1039 4362 1146 4438 (ιιαιιιι.
1159 4359 1199 4433 5).
1222 4358 1263 4415 Ae
1279 4355 1346 4413 mihi
1368 4354 1513 4412 discrimen
1525 4353 1676 4447 considera.
1701 4351 1829 4409 Eleemo-

29 4486 39 4497 ·
157 4474 253 4539 ‘quse
274 4459 352 4517 nobis
375 4474 485 4517 cursum
506 4460 635 4517 orationis
659 4460 811 4531 interrupit.
836 4460 893 4518 lioc
918 4476 984 4519 sero
1036 4469 1103 4528 syna
1118 4450 1226 4525 quidem
1237 4448 1340 4521 absque
1358 4446 1512 4518 virginitate
1534 4460 1597 4503 snos
1608 4444 1732 4501 alumnos
1746 4444 1831 4502 intro·

28 4554 29 4561 ’
192 4550 273 4606 llebat
292 4550 348 4607 heo
361 4550 476 4631 fortasse
494 4550 522 4609 in
545 4559 664 4609 nostram
688 4550 834 4609 utilitatem
845 4550 985 4623 itadispc-
1036 4543 1152 4622 duritia
1170 4542 1266 4598 eninm
1289 4557 1297 4595 a
1320 4546 1349 4595 st
1369 4536 1511 4609 virginitas
1529 4535 1632 4607 absque
1657 4535 1835 4606 eleemosyna-

192 4646 284 4707 nente,
307 4648 387 4713 atque
408 4641 436 4713 in
460 4639 532 4699 laune
546 4641 617 4699 diens
639 4640 853 4699 cohortationem
880 4641 917 4701 de
941 4642 985 4700 ιιι
1036 4637 1148 4697 minime
1172 4632 1268 4707 potuit.
1289 4629 1403 4699 Quando
1429 4629 1510 4700 igitur
1531 4635 1605 4685 taam
1628 4626 1668 4684 rei
1694 4625 1776 4696 buius
1789 4633 1831 4681 est

192 4732 274 4789 rebus
284 4731 483 4791 diderentecno
494 4732 615 4791 dumros
627 4733 654 4791 in
668 4732 789 4792 Ecclesia
801 4732 880 4793 dirisi
891 4733 986 4800 eratis,
1036 4728 1134 4795 rirtus,
1146 4725 1220 4781 omni
1233 4721 1329 4779 studio
1337 4719 1473 4777 institutos
1493 4717 1528 4775 de
1547 4732 1580 4775 ea
1602 4729 1743 4773 sermones
1754 4714 1830 4770 erci-

192 4820 371 4897 eleetnosynte
392 4838 486 4881 mensa
502 4821 579 4883 vobis
604 4832 785 4895 apponeretur
807 4840 815 4880 ι
838 4839 892 4881 non
913 4824 984 4896 quod
1037 4817 1151 4890 piamun.
1164 4815 1309 4872 Enimvero
1318 4808 1508 4881 compendiosa
1528 4808 1608 4867 inerit
1629 4805 1776 4863 admodum
1796 4804 1831 4861 ad

192 4912 274 4971 hodie
300 4928 426 4988 magnum
449 4914 549 4987 aliquid
563 4923 591 4973 et
605 4914 709 4987 insigne
719 4914 861 4973 dicendum
885 4914 985 4972 habea·
1038 4905 1336 4972 hancrcmcobortntio,
1348 4903 1372 4959 si
1382 4901 1582 4959 sosadriduam
1592 4897 1830 4970 Sarepbthlssidn·
1922 4907 1926 4915 ·

193 5016 277 5073 snus,
298 5004 347 5062 sed
359 5005 432 5076 quod
454 5020 550 5078 magna
563 5007 638 5064 sitct
651 5006 847 5065 eximiarhtua
867 5008 987 5065 eleemos
1039 5001 1082 5059 nis
1100 4999 1263 5056 habitantem
1289 4995 1462 5052 abducamus.
1475 4990 1608 5064 Nam-qui
1621 4988 1829 5061 opembusipsis

193 5106 278 5163 sycae.
301 5094 410 5151 ilultam
423 5096 522 5169 quippe
535 5098 660 5157 lldneiam
678 5100 749 5174 apud
763 5099 846 5158 heum
865 5114 909 5159 res
933 5100 986 5157 ista
1039 5095 1186 5159 ιιιιιιιιιιιι,
1198 5092 1283 5150 multo
1294 5090 1431 5170 digniores
1444 5087 1498 5145 ilde
1515 5086 1636 5158 magistri
1650 5084 1736 5152 hunt,
1749 5096 1829 5153 quam

193 5180 336 5251 ⁰⁰⁰⁰ffi²⁸s
358 5192 387 5240 ⁶²
411 5192 550 5259 umquam
569 5191 660 5262 regina
682 5190 804 5262 madan
828 5191 985 5263 religionem
1039 5186 1085 5258 qui
1107 5182 1196 5243 verbis
1220 5182 1286 5241 solis
1309 5182 1453 5246 consilinm
1477 5178 1542 5235 dant
1568 5174 1724 5249 cqunctrca
1752 5170 1831 5228 sidua

180 5278 313 5343 inostrsm
322 5286 419 5344 regens
428 5276 515 5333 multa
523 5290 588 5335 cum
597 5279 741 5337 securitate
753 5280 875 5339 ealcsns
884 5279 986 5351 ingredi
1039 5290 1145 5349 quoque
1163 5273 1242 5331 nohis
1260 5273 1300 5331 rei
1325 5272 1405 5344 hujus
1424 5270 1524 5341 optima
1545 5268 1598 5325 erit
1623 5268 1762 5338 magistra.
1785 5261 1829 5318 st-

193 5358 272 5415 sedes
295 5364 457 5431 consuerit,
478 5372 506 5422 et
529 5364 602 5434 iiim,
628 5367 727 5437 quibus
750 5368 878 5427 cselornrn
898 5368 986 5438 ianuar
1039 5367 1146 5438 quidem
1161 5379 1212 5429 uns
1232 5366 1321 5423 serbis
1339 5364 1447 5436 quidem
1472 5359 1645 5418 adhortamur
1660 5376 1667 5414 :
1680 5366 1709 5414 at
1725 5358 1770 5413 illa
1784 5372 1859 5412 ros.

194 5449 347 5507 commissae
370 5460 456 5522 ιιιιιι,
479 5462 644 5526 potestates,
669 5457 692 5513 si
712 5457 819 5528 quidem
843 5459 986 5517 intrantem
1040 5458 1165 5528 operibus
1177 5457 1276 5515 docere
1290 5456 1410 5527 poterit,
1429 5468 1490 5509 cum
1506 5451 1608 5507 eisdem
1621 5450 1760 5522 praeditam
1775 5462 1833 5503 nso·

194 5538 317 5597 viderint
335 5542 546 5618 eleemosynam,
569 5546 654 5611 multo
674 5560 733 5603 cunr
754 5546 855 5603 bonore
876 5548 986 5619 reliquis
1039 5548 1131 5615 ribos,
1153 5548 1253 5618 sociam
1276 5546 1373 5601 habeat
1394 5544 1444 5599 sibi
1459 5543 1621 5614 copulatam.
1646 5540 1711 5597 Duae
1732 5526 1832 5609 qnippe

198 5628 281 5689 stiam
293 5633 436 5693 virtutibus
451 5644 560 5708 propter
580 5636 664 5708 ipsam
679 5635 750 5694 iores
769 5635 829 5694 illas
841 5639 984 5707 aperiunt:
1039 5647 1100 5695 sunl
1117 5639 1159 5694 bae
1174 5637 1271 5703 tidem,
1286 5650 1340 5691 una
1353 5636 1380 5689 in
1400 5633 1475 5689 Naro
1490 5632 1672 5707 Testamento,
1697 5644 1756 5701 quun
1778 5624 1831 5681 dno

33 5768 34 5799 ,
147 5778 159 5797 ,
195 5720 237 5779 sin
253 5732 344 5783 autem
360 5726 461 5801 absque
475 5728 645 5801 eleemosyna
659 5728 749 5789 tenire
772 5727 897 5799 viderint,
915 5729 986 5789 iores
1040 5728 1226 5807 minutomisit
1241 5726 1316 5800 (dec.
1330 5724 1388 5798 il),
1411 5723 1493 5780 altera
1518 5725 1544 5780 in
1559 5722 1663 5788 veteri,
1687 5735 1746 5792 qun
1769 5732 1830 5789 prn-
