<?xml version="1.0" encoding="UTF-8"?>
<!DOCTYPE html PUBLIC "-//W3C//DTD XHTML 1.0 Transitional//EN"
    "http://www.w3.org/TR/xhtml1/DTD/xhtml1-transitional.dtd">
<html xmlns="http://www.w3.org/1999/xhtml" xml:lang="en" lang="en">
 <head>
  <title>
</title>
<meta http-equiv="Content-Type" content="text/html;charset=utf-8" />
  <meta name='ocr-system' content='tesseract 3.04.00' />
  <meta name='ocr-capabilities' content='ocr_page ocr_carea ocr_par ocr_line ocrx_word'/>
</head>
<body>
  <div class='ocr_page' id='page_1' title='image "./patrologicursus83migngoog_0779.png"; bbox 0 0 4142 6342; ppageno 0'>
   <div class='ocr_carea' id='block_1_1' title="bbox 129 280 1777 405">
    <p class='ocr_par' dir='ltr' id='par_1_1' title="bbox 129 280 1777 405">
     <span class='ocr_line' id='line_1_1' title="bbox 129 280 1777 405; baseline 0.03 -49"><span class='ocrx_word' id='word_1_1' title='bbox 129 327 185 392; x_wconf 55' lang='grc' dir='ltr'><em>Μ</em></span> <span class='ocrx_word' id='word_1_2' title='bbox 842 314 1029 383; x_wconf 76' lang='lat' dir='ltr'><strong>sennenn.</strong></span> <span class='ocrx_word' id='word_1_3' title='bbox 1615 280 1620 293; x_wconf 79' lang='grc'><strong>’</strong></span> <span class='ocrx_word' id='word_1_4' title='bbox 1723 330 1777 405; x_wconf 85' lang='grc' dir='ltr'><strong>ιιι</strong></span> 
     </span>
    </p>
   </div>
   <div class='ocr_carea' id='block_1_2' title="bbox 94 442 1843 626">
    <p class='ocr_par' dir='ltr' id='par_1_2' title="bbox 94 442 1843 626">
     <span class='ocr_line' id='line_1_2' title="bbox 130 442 1776 539; baseline 0.009 -36"><span class='ocrx_word' id='word_1_5' title='bbox 130 448 174 503; x_wconf 80' lang='grc' dir='ltr'><strong>ιιι</strong></span> <span class='ocrx_word' id='word_1_6' title='bbox 185 446 378 505; x_wconf 80' lang='lat' dir='ltr'><strong>cenanuibus</strong></span> <span class='ocrx_word' id='word_1_7' title='bbox 395 444 496 519; x_wconf 63' lang='lat' dir='ltr'><strong>antias</strong></span> <span class='ocrx_word' id='word_1_8' title='bbox 506 442 585 502; x_wconf 81' lang='lat' dir='ltr'><strong>tobia</strong></span> <span class='ocrx_word' id='word_1_9' title='bbox 597 442 772 517; x_wconf 59' lang='lat' dir='ltr'><strong>aunuum</strong></span> <span class='ocrx_word' id='word_1_10' title='bbox 788 453 838 513; x_wconf 86' lang='lat' dir='ltr'><strong>pro</strong></span> <span class='ocrx_word' id='word_1_11' title='bbox 853 449 925 511; x_wconf 63' lang='lat' dir='ltr'><strong>itm</strong></span> <span class='ocrx_word' id='word_1_12' title='bbox 982 454 1153 501; x_wconf 84' lang='lat' dir='ltr'><strong>rescororuu</strong></span> <span class='ocrx_word' id='word_1_13' title='bbox 1169 450 1306 519; x_wconf 78' lang='lat' dir='ltr'><strong>accepturi</strong></span> <span class='ocrx_word' id='word_1_14' title='bbox 1319 451 1404 510; x_wconf 81' lang='lat' dir='ltr'><strong>estlsa</strong></span> <span class='ocrx_word' id='word_1_15' title='bbox 1418 446 1607 539; x_wconf 81' lang='lat' dir='ltr'><strong>dubitantem,</strong></span> <span class='ocrx_word' id='word_1_16' title='bbox 1623 458 1694 531; x_wconf 80' lang='lat' dir='ltr'><strong>cond</strong></span> <span class='ocrx_word' id='word_1_17' title='bbox 1714 466 1776 518; x_wconf 89' lang='lat' dir='ltr'><strong>tan·</strong></span> 
     </span>
     <span class='ocr_line' id='line_1_3' title="bbox 94 530 1843 626; baseline 0.006 -32"><span class='ocrx_word' id='word_1_18' title='bbox 94 530 104 543; x_wconf 87' lang='lat'>&#39;</span> <span class='ocrx_word' id='word_1_19' title='bbox 127 539 176 611; x_wconf 64' lang='lat' dir='ltr'><strong>plo</strong></span> <span class='ocrx_word' id='word_1_20' title='bbox 190 538 243 596; x_wconf 92' lang='lat' dir='ltr'><strong>boc</strong></span> <span class='ocrx_word' id='word_1_21' title='bbox 252 538 335 597; x_wconf 80' lang='lat' dir='ltr'><strong>auirtd</strong></span> <span class='ocrx_word' id='word_1_22' title='bbox 346 537 435 596; x_wconf 86' lang='lat' dir='ltr'><strong>stadIo</strong></span> <span class='ocrx_word' id='word_1_23' title='bbox 446 536 598 593; x_wconf 84' lang='lat' dir='ltr'><strong>beatosros</strong></span> <span class='ocrx_word' id='word_1_24' title='bbox 610 534 925 607; x_wconf 67' lang='lat' dir='ltr'><strong>proticiscentem.</strong></span> <span class='ocrx_word' id='word_1_25' title='bbox 980 537 1036 588; x_wconf 85' lang='grc' dir='ltr'>ιιιιι</span> <span class='ocrx_word' id='word_1_26' title='bbox 1060 536 1167 593; x_wconf 76' lang='lat' dir='ltr'><strong>anobis</strong></span> <span class='ocrx_word' id='word_1_27' title='bbox 1189 542 1498 619; x_wconf 79' lang='lat' dir='ltr'><strong>ceritatemconseqtruti</strong></span> <span class='ocrx_word' id='word_1_28' title='bbox 1511 558 1614 618; x_wconf 89' lang='lat' dir='ltr'><strong>sumus,</strong></span> <span class='ocrx_word' id='word_1_29' title='bbox 1628 548 1777 626; x_wconf 68' lang='lat' dir='ltr'><strong>ingensque</strong></span> <span class='ocrx_word' id='word_1_30' title='bbox 1836 582 1843 605; x_wconf 66' lang='lat' dir='ltr'><strong>r</strong></span> 
     </span>
    </p>
   </div>
   <div class='ocr_carea' id='block_1_3' title="bbox 121 627 1777 1266">
    <p class='ocr_par' dir='ltr' id='par_1_3' title="bbox 121 627 1777 1266">
     <span class='ocr_line' id='line_1_4' title="bbox 129 627 1777 721; baseline 0.012 -34"><span class='ocrx_word' id='word_1_31' title='bbox 129 630 247 703; x_wconf 82' lang='lat' dir='ltr'><strong>ldeoone</strong></span> <span class='ocrx_word' id='word_1_32' title='bbox 255 632 395 687; x_wconf 84' lang='lat' dir='ltr'><strong>deminum</strong></span> <span class='ocrx_word' id='word_1_33' title='bbox 407 643 498 687; x_wconf 86' lang='lat' dir='ltr'><strong>meam</strong></span> <span class='ocrx_word' id='word_1_34' title='bbox 508 628 765 711; x_wconf 65' lang='lat' dir='ltr'><strong>reverendissim</strong></span> <span class='ocrx_word' id='word_1_35' title='bbox 777 634 807 685; x_wconf 91' lang='lat' dir='ltr'><strong>et</strong></span> <span class='ocrx_word' id='word_1_36' title='bbox 823 627 926 701; x_wconf 66' lang='lat' dir='ltr'><strong>reticio</strong></span> <span class='ocrx_word' id='word_1_37' title='bbox 980 634 1020 683; x_wconf 88' lang='lat' dir='ltr'><strong>tot</strong></span> <span class='ocrx_word' id='word_1_38' title='bbox 1032 636 1061 684; x_wconf 84' lang='lat' dir='ltr'><strong>at</strong></span> <span class='ocrx_word' id='word_1_39' title='bbox 1075 636 1210 692; x_wconf 85' lang='lat' dir='ltr'><strong>untormn</strong></span> <span class='ocrx_word' id='word_1_40' title='bbox 1220 638 1339 694; x_wconf 90' lang='lat' dir='ltr'><strong>virorum</strong></span> <span class='ocrx_word' id='word_1_41' title='bbox 1350 640 1466 697; x_wconf 88' lang='lat' dir='ltr'><strong>studium</strong></span> <span class='ocrx_word' id='word_1_42' title='bbox 1479 637 1659 703; x_wconf 86' lang='lat' dir='ltr'><strong>obtinuimus:</strong></span> <span class='ocrx_word' id='word_1_43' title='bbox 1673 655 1777 721; x_wconf 77' lang='lat' dir='ltr'><strong>nosque</strong></span> 
     </span>
     <span class='ocr_line' id='line_1_5' title="bbox 129 720 1776 809; baseline 0.002 -14"><span class='ocrx_word' id='word_1_44' title='bbox 129 723 269 778; x_wconf 59' lang='lat' dir='ltr'><strong>‘&#39;mii&#39;&#39;</strong></span> <span class='ocrx_word' id='word_1_45' title='bbox 280 722 479 796; x_wconf 79' lang='lat' dir='ltr'><strong>presbyterum,</strong></span> <span class='ocrx_word' id='word_1_46' title='bbox 495 730 525 778; x_wconf 85' lang='lat' dir='ltr'><strong>ut</strong></span> <span class='ocrx_word' id='word_1_47' title='bbox 537 720 572 777; x_wconf 87' lang='lat' dir='ltr'><strong>ad</strong></span> <span class='ocrx_word' id='word_1_48' title='bbox 587 735 637 777; x_wconf 69' lang='lat'><strong>&#39;⁰⁸</strong></span> <span class='ocrx_word' id='word_1_49' title='bbox 650 734 735 792; x_wconf 77' lang='lat' dir='ltr'><strong>uacus</strong></span> <span class='ocrx_word' id='word_1_50' title='bbox 748 726 925 785; x_wconf 61' lang='lat' dir='ltr'><strong>murm·</strong></span> <span class='ocrx_word' id='word_1_51' title='bbox 979 720 1040 785; x_wconf 76' lang='lat' dir='ltr'><strong>titi.</strong></span> <span class='ocrx_word' id='word_1_52' title='bbox 1054 730 1185 809; x_wconf 71' lang='lat' dir='ltr'><strong>quintum</strong></span> <span class='ocrx_word' id='word_1_53' title='bbox 1199 726 1231 785; x_wconf 86' lang='lat' dir='ltr'><strong>ad</strong></span> <span class='ocrx_word' id='word_1_54' title='bbox 1245 746 1342 803; x_wconf 90' lang='lat' dir='ltr'><strong>corpus</strong></span> <span class='ocrx_word' id='word_1_55' title='bbox 1355 732 1558 803; x_wconf 87' lang='lat' dir='ltr'><strong>attinet,·tanto</strong></span> <span class='ocrx_word' id='word_1_56' title='bbox 1573 736 1675 796; x_wconf 89' lang='lat' dir='ltr'><strong>itineris</strong></span> <span class='ocrx_word' id='word_1_57' title='bbox 1690 738 1776 799; x_wconf 85' lang='lat' dir='ltr'><strong>inler-</strong></span> 
     </span>
     <span class='ocr_line' id='line_1_6' title="bbox 127 809 1777 895; baseline 0.015 -27"><span class='ocrx_word' id='word_1_58' title='bbox 127 814 340 871; x_wconf 69' lang='lat' dir='ltr'><strong>obsecrarlmosa</strong></span> <span class='ocrx_word' id='word_1_59' title='bbox 353 815 393 871; x_wconf 68' lang='lat' dir='ltr'><strong>ilo</strong></span> <span class='ocrx_word' id='word_1_60' title='bbox 409 814 490 886; x_wconf 72' lang='lat' dir='ltr'><strong>igitur</strong></span> <span class='ocrx_word' id='word_1_61' title='bbox 501 815 538 871; x_wconf 86' lang='lat' dir='ltr'><strong>ita</strong></span> <span class='ocrx_word' id='word_1_62' title='bbox 552 824 581 871; x_wconf 96' lang='grc' dir='ltr'><strong>ιιι</strong></span> <span class='ocrx_word' id='word_1_63' title='bbox 591 815 704 871; x_wconf 83' lang='lat' dir='ltr'><strong>comites</strong></span> <span class='ocrx_word' id='word_1_64' title='bbox 715 823 804 870; x_wconf 87' lang='lat' dir='ltr'><strong>restra</strong></span> <span class='ocrx_word' id='word_1_65' title='bbox 818 813 923 885; x_wconf 90' lang='lat' dir='ltr'><strong>poscit,</strong></span> <span class='ocrx_word' id='word_1_66' title='bbox 980 809 1076 873; x_wconf 78' lang='lat' dir='ltr'><strong>ultan</strong></span> <span class='ocrx_word' id='word_1_67' title='bbox 1090 816 1167 875; x_wconf 89' lang='lat' dir='ltr'><strong>vobis</strong></span> <span class='ocrx_word' id='word_1_68' title='bbox 1180 818 1338 895; x_wconf 79' lang='lat' dir='ltr'><strong>disiunctos,</strong></span> <span class='ocrx_word' id='word_1_69' title='bbox 1361 826 1519 886; x_wconf 69' lang='lat' dir='ltr'><strong>arctissimis</strong></span> <span class='ocrx_word' id='word_1_70' title='bbox 1530 830 1650 888; x_wconf 82' lang='lat' dir='ltr'><strong>cartulis</strong></span> <span class='ocrx_word' id='word_1_71' title='bbox 1663 832 1777 894; x_wconf 87' lang='lat' dir='ltr'><strong>vinculis</strong></span> 
     </span>
     <span class='ocr_line' id='line_1_7' title="bbox 126 903 1776 997; baseline 0.011 -36"><span class='ocrx_word' id='word_1_72' title='bbox 126 914 253 978; x_wconf 82' lang='lat' dir='ltr'><strong>excepto,</strong></span> <span class='ocrx_word' id='word_1_73' title='bbox 275 904 354 963; x_wconf 86' lang='lat' dir='ltr'><strong>rellrn</strong></span> <span class='ocrx_word' id='word_1_74' title='bbox 368 921 477 979; x_wconf 86' lang='lat' dir='ltr'><strong>operam</strong></span> <span class='ocrx_word' id='word_1_75' title='bbox 490 906 570 973; x_wconf 89' lang='lat' dir='ltr'><strong>detis,</strong></span> <span class='ocrx_word' id='word_1_76' title='bbox 590 916 621 962; x_wconf 89' lang='lat' dir='ltr'><strong>ut</strong></span> <span class='ocrx_word' id='word_1_77' title='bbox 633 904 714 961; x_wconf 87' lang='lat' dir='ltr'><strong>tinem</strong></span> <span class='ocrx_word' id='word_1_78' title='bbox 724 905 864 978; x_wconf 87' lang='lat' dir='ltr'><strong>principiis</strong></span> <span class='ocrx_word' id='word_1_79' title='bbox 882 903 927 964; x_wconf 91' lang='lat' dir='ltr'><strong>di·</strong></span> <span class='ocrx_word' id='word_1_80' title='bbox 980 906 1120 966; x_wconf 87' lang='lat' dir='ltr'><strong>vobiscum</strong></span> <span class='ocrx_word' id='word_1_81' title='bbox 1140 911 1333 973; x_wconf 81' lang='lat' dir='ltr'><strong>adstrinalstis.</strong></span> <span class='ocrx_word' id='word_1_82' title='bbox 1358 918 1528 993; x_wconf 70' lang='lat' dir='ltr'><strong>Quapropter</strong></span> <span class='ocrx_word' id='word_1_83' title='bbox 1551 924 1674 997; x_wconf 70' lang='lat' dir='ltr'><strong>ingentes</strong></span> <span class='ocrx_word' id='word_1_84' title='bbox 1699 928 1776 988; x_wconf 75' lang='lat' dir='ltr'><strong>robis</strong></span> 
     </span>
     <span class='ocr_line' id='line_1_8' title="bbox 121 996 1776 1089; baseline 0.018 -37"><span class='ocrx_word' id='word_1_85' title='bbox 121 1011 210 1068; x_wconf 69' lang='lat' dir='ltr'><strong>arnum</strong></span> <span class='ocrx_word' id='word_1_86' title='bbox 236 998 389 1069; x_wconf 71' lang='lat' dir='ltr'><strong>imponatis.</strong></span> <span class='ocrx_word' id='word_1_87' title='bbox 405 996 472 1055; x_wconf 74' lang='lat' dir='ltr'><strong>Nnrn</strong></span> <span class='ocrx_word' id='word_1_88' title='bbox 487 1013 548 1055; x_wconf 85' lang='lat' dir='ltr'><strong>euna</strong></span> <span class='ocrx_word' id='word_1_89' title='bbox 563 996 705 1055; x_wconf 86' lang='lat' dir='ltr'><strong>incurabili</strong></span> <span class='ocrx_word' id='word_1_90' title='bbox 727 997 817 1058; x_wconf 87' lang='lat' dir='ltr'><strong>adbuc</strong></span> <span class='ocrx_word' id='word_1_91' title='bbox 830 1000 927 1057; x_wconf 90' lang='lat' dir='ltr'><strong>rnorbo</strong></span> <span class='ocrx_word' id='word_1_92' title='bbox 979 1004 1079 1073; x_wconf 68' lang='lat' dir='ltr'><strong>gratias</strong></span> <span class='ocrx_word' id='word_1_93' title='bbox 1102 1000 1250 1077; x_wconf 86' lang='lat' dir='ltr'><strong>babemus,</strong></span> <span class='ocrx_word' id='word_1_94' title='bbox 1279 998 1447 1087; x_wconf 66' lang='lat' dir='ltr'><strong>testumque</strong></span> <span class='ocrx_word' id='word_1_95' title='bbox 1472 1028 1535 1089; x_wconf 73' lang='lat' dir='ltr'><strong>erpa</strong></span> <span class='ocrx_word' id='word_1_96' title='bbox 1549 1028 1600 1076; x_wconf 89' lang='lat' dir='ltr'><strong>nos</strong></span> <span class='ocrx_word' id='word_1_97' title='bbox 1613 1016 1776 1081; x_wconf 84' lang='lat' dir='ltr'><strong>benevolen-</strong></span> 
     </span>
     <span class='ocr_line' id='line_1_9' title="bbox 128 1088 1775 1184; baseline 0.009 -25"><span class='ocrx_word' id='word_1_98' title='bbox 128 1088 255 1147; x_wconf 65' lang='lat' dir='ltr'><strong>¹³b0mti</strong></span> <span class='ocrx_word' id='word_1_99' title='bbox 267 1131 276 1158; x_wconf 66' lang='grc' dir='ltr'>ι</span> <span class='ocrx_word' id='word_1_100' title='bbox 289 1092 336 1163; x_wconf 65' lang='lat' dir='ltr'><strong>‘iil</strong></span> <span class='ocrx_word' id='word_1_101' title='bbox 349 1098 389 1147; x_wconf 74' lang='lat'><strong>¹⁰⁸</strong></span> <span class='ocrx_word' id='word_1_102' title='bbox 400 1100 573 1163; x_wconf 85' lang='lat' dir='ltr'><strong>tempestates</strong></span> <span class='ocrx_word' id='word_1_103' title='bbox 582 1106 614 1146; x_wconf 58' lang='grc' dir='ltr'><strong>ιθ</strong></span> <span class='ocrx_word' id='word_1_104' title='bbox 628 1090 701 1151; x_wconf 70' lang='lat' dir='ltr'><strong>belii</strong></span> <span class='ocrx_word' id='word_1_105' title='bbox 710 1094 839 1152; x_wconf 77' lang='lat' dir='ltr'><strong>Ecclesiis</strong></span> <span class='ocrx_word' id='word_1_106' title='bbox 857 1101 927 1149; x_wconf 90' lang='lat' dir='ltr'><strong>aun·</strong></span> <span class='ocrx_word' id='word_1_107' title='bbox 980 1094 1043 1149; x_wconf 87' lang='lat' dir='ltr'><strong>tlanr</strong></span> <span class='ocrx_word' id='word_1_108' title='bbox 1057 1097 1205 1168; x_wconf 77' lang='lat' dir='ltr'><strong>pradinare</strong></span> <span class='ocrx_word' id='word_1_109' title='bbox 1215 1115 1267 1159; x_wconf 93' lang='lat' dir='ltr'><strong>non</strong></span> <span class='ocrx_word' id='word_1_110' title='bbox 1278 1104 1435 1163; x_wconf 88' lang='lat' dir='ltr'><strong>desinimus.</strong></span> <span class='ocrx_word' id='word_1_111' title='bbox 1446 1107 1612 1184; x_wconf 79' lang='lat' dir='ltr'><strong>Quamquam</strong></span> <span class='ocrx_word' id='word_1_112' title='bbox 1628 1114 1699 1171; x_wconf 89' lang='lat' dir='ltr'><strong>eninr</strong></span> <span class='ocrx_word' id='word_1_113' title='bbox 1715 1130 1775 1175; x_wconf 87' lang='lat' dir='ltr'><strong>eam</strong></span> 
     </span>
     <span class='ocr_line' id='line_1_10' title="bbox 129 1182 1772 1266; baseline 0.017 -28"><span class='ocrx_word' id='word_1_114' title='bbox 129 1182 231 1251; x_wconf 89' lang='lat' dir='ltr'><strong>lerunt,</strong></span> <span class='ocrx_word' id='word_1_115' title='bbox 251 1200 300 1242; x_wconf 90' lang='lat' dir='ltr'><strong>eos</strong></span> <span class='ocrx_word' id='word_1_116' title='bbox 314 1186 421 1259; x_wconf 86' lang='lat' dir='ltr'><strong>quidem</strong></span> <span class='ocrx_word' id='word_1_117' title='bbox 438 1186 488 1241; x_wconf 89' lang='lat' dir='ltr'><strong>bnc</strong></span> <span class='ocrx_word' id='word_1_118' title='bbox 501 1185 612 1248; x_wconf 72' lang='lat' dir='ltr'><strong>nonina</strong></span> <span class='ocrx_word' id='word_1_119' title='bbox 624 1190 738 1246; x_wconf 89' lang='lat' dir='ltr'><strong>miseros</strong></span> <span class='ocrx_word' id='word_1_120' title='bbox 753 1191 925 1255; x_wconf 81' lang='lat' dir='ltr'><strong>existimare,</strong></span> <span class='ocrx_word' id='word_1_121' title='bbox 979 1186 1037 1258; x_wconf 77' lang='lat' dir='ltr'><strong>ipsa</strong></span> <span class='ocrx_word' id='word_1_122' title='bbox 1049 1202 1155 1263; x_wconf 81' lang='lat' dir='ltr'><strong>quoque</strong></span> <span class='ocrx_word' id='word_1_123' title='bbox 1166 1204 1256 1249; x_wconf 89' lang='lat' dir='ltr'><strong>rerum</strong></span> <span class='ocrx_word' id='word_1_124' title='bbox 1271 1210 1323 1253; x_wconf 83' lang='lat' dir='ltr'><strong>roa</strong></span> <span class='ocrx_word' id='word_1_125' title='bbox 1337 1198 1436 1256; x_wconf 88' lang='lat' dir='ltr'><strong>clamat</strong></span> <span class='ocrx_word' id='word_1_126' title='bbox 1451 1210 1558 1259; x_wconf 82' lang='lat' dir='ltr'><strong>:tannen</strong></span> <span class='ocrx_word' id='word_1_127' title='bbox 1583 1220 1633 1263; x_wconf 92' lang='lat' dir='ltr'><strong>nos</strong></span> <span class='ocrx_word' id='word_1_128' title='bbox 1647 1206 1710 1264; x_wconf 91' lang='lat' dir='ltr'><strong>item</strong></span> <span class='ocrx_word' id='word_1_129' title='bbox 1721 1208 1772 1266; x_wconf 86' lang='lat' dir='ltr'><strong>Iln·</strong></span> 
     </span>
    </p>
   </div>
   <div class='ocr_carea' id='block_1_4' title="bbox 127 1278 1778 1462">
    <p class='ocr_par' dir='ltr' id='par_1_4' title="bbox 127 1278 1778 1462">
     <span class='ocr_line' id='line_1_11' title="bbox 128 1278 1778 1367; baseline 0.016 -37"><span class='ocrx_word' id='word_1_130' title='bbox 128 1278 311 1351; x_wconf 80' lang='lat' dir='ltr'><strong>lacrymisque</strong></span> <span class='ocrx_word' id='word_1_131' title='bbox 334 1283 461 1356; x_wconf 71' lang='lat' dir='ltr'><strong>prosequi</strong></span> <span class='ocrx_word' id='word_1_132' title='bbox 475 1297 527 1357; x_wconf 87' lang='lat' dir='ltr'><strong>par</strong></span> <span class='ocrx_word' id='word_1_133' title='bbox 549 1292 601 1349; x_wconf 84' lang='lat' dir='ltr'><strong>est,</strong></span> <span class='ocrx_word' id='word_1_134' title='bbox 614 1298 663 1339; x_wconf 85' lang='lat' dir='ltr'><strong>uos</strong></span> <span class='ocrx_word' id='word_1_135' title='bbox 687 1292 777 1339; x_wconf 91' lang='lat' dir='ltr'><strong>autem</strong></span> <span class='ocrx_word' id='word_1_136' title='bbox 799 1280 927 1338; x_wconf 87' lang='lat' dir='ltr'><strong>admirari</strong></span> <span class='ocrx_word' id='word_1_137' title='bbox 977 1289 1030 1348; x_wconf 64' lang='grc' dir='ltr'><strong>ειη</strong></span> <span class='ocrx_word' id='word_1_138' title='bbox 1045 1288 1136 1337; x_wconf 90' lang='lat' dir='ltr'><strong>nostra</strong></span> <span class='ocrx_word' id='word_1_139' title='bbox 1151 1282 1222 1340; x_wconf 86' lang='lat' dir='ltr'><strong>idern</strong></span> <span class='ocrx_word' id='word_1_140' title='bbox 1237 1284 1344 1345; x_wconf 81' lang='lat' dir='ltr'><strong>euicere</strong></span> <span class='ocrx_word' id='word_1_141' title='bbox 1358 1304 1411 1344; x_wconf 91' lang='lat' dir='ltr'><strong>non</strong></span> <span class='ocrx_word' id='word_1_142' title='bbox 1435 1290 1733 1367; x_wconf 82' lang='lat' dir='ltr'><strong>iratertnlttimus.&#39;Quod</strong></span> <span class='ocrx_word' id='word_1_143' title='bbox 1752 1298 1778 1357; x_wconf 93' lang='lat' dir='ltr'><strong>si</strong></span> 
     </span>
     <span class='ocr_line' id='line_1_12' title="bbox 127 1369 1775 1462; baseline 0.015 -38"><span class='ocrx_word' id='word_1_144' title='bbox 127 1380 162 1424; x_wconf 83' lang='lat' dir='ltr'><strong>ac</strong></span> <span class='ocrx_word' id='word_1_145' title='bbox 176 1369 341 1442; x_wconf 76' lang='lat' dir='ltr'><strong>predicare,</strong></span> <span class='ocrx_word' id='word_1_146' title='bbox 365 1374 436 1447; x_wconf 77' lang='lat' dir='ltr'><strong>cuod</strong></span> <span class='ocrx_word' id='word_1_147' title='bbox 461 1376 541 1431; x_wconf 87' lang='lat' dir='ltr'><strong>etiarn</strong></span> <span class='ocrx_word' id='word_1_148' title='bbox 567 1374 812 1447; x_wconf 71' lang='lat' dir='ltr'><strong>ingravescentibus</strong></span> <span class='ocrx_word' id='word_1_149' title='bbox 833 1372 925 1440; x_wconf 89' lang='lat' dir='ltr'><strong>maiis,</strong></span> <span class='ocrx_word' id='word_1_150' title='bbox 979 1380 1052 1427; x_wconf 84' lang='lat' dir='ltr'><strong>uene</strong></span> <span class='ocrx_word' id='word_1_151' title='bbox 1066 1371 1180 1443; x_wconf 88' lang='lat' dir='ltr'><strong>primam</strong></span> <span class='ocrx_word' id='word_1_152' title='bbox 1193 1376 1227 1433; x_wconf 89' lang='lat' dir='ltr'><strong>ad</strong></span> <span class='ocrx_word' id='word_1_153' title='bbox 1248 1392 1295 1434; x_wconf 91' lang='lat' dir='ltr'><strong>vos</strong></span> <span class='ocrx_word' id='word_1_154' title='bbox 1309 1380 1474 1453; x_wconf 88' lang='lat' dir='ltr'><strong>scripsimus,</strong></span> <span class='ocrx_word' id='word_1_155' title='bbox 1491 1384 1543 1442; x_wconf 87' lang='lat' dir='ltr'><strong>boc</strong></span> <span class='ocrx_word' id='word_1_156' title='bbox 1567 1400 1620 1444; x_wconf 90' lang='lat' dir='ltr'><strong>non</strong></span> <span class='ocrx_word' id='word_1_157' title='bbox 1636 1390 1775 1462; x_wconf 76' lang='lat' dir='ltr'><strong>negligen-</strong></span> 
     </span>
    </p>
   </div>
   <div class='ocr_carea' id='block_1_5' title="bbox 119 1459 1774 1641">
    <p class='ocr_par' dir='ltr' id='par_1_5' title="bbox 119 1459 1774 1641">
     <span class='ocr_line' id='line_1_13' title="bbox 119 1459 1771 1555; baseline 0.015 -38"><span class='ocrx_word' id='word_1_158' title='bbox 119 1461 218 1537; x_wconf 75' lang='lat' dir='ltr'><strong>susius</strong></span> <span class='ocrx_word' id='word_1_159' title='bbox 232 1474 341 1539; x_wconf 86' lang='lat' dir='ltr'><strong>semper</strong></span> <span class='ocrx_word' id='word_1_160' title='bbox 354 1468 387 1525; x_wconf 88' lang='lat' dir='ltr'><strong>ad</strong></span> <span class='ocrx_word' id='word_1_161' title='bbox 399 1482 432 1525; x_wconf 88' lang='lat' dir='ltr'><strong>ea</strong></span> <span class='ocrx_word' id='word_1_162' title='bbox 446 1468 605 1540; x_wconf 89' lang='lat' dir='ltr'><strong>depellenda</strong></span> <span class='ocrx_word' id='word_1_163' title='bbox 617 1468 734 1524; x_wconf 89' lang='lat' dir='ltr'><strong>studium</strong></span> <span class='ocrx_word' id='word_1_164' title='bbox 744 1468 927 1540; x_wconf 80' lang='lat' dir='ltr'><strong>nrnjnretnqne</strong></span> <span class='ocrx_word' id='word_1_165' title='bbox 980 1459 1026 1533; x_wconf 90' lang='lat' dir='ltr'><strong>tia,</strong></span> <span class='ocrx_word' id='word_1_166' title='bbox 1037 1465 1085 1521; x_wconf 92' lang='lat' dir='ltr'><strong>sed</strong></span> <span class='ocrx_word' id='word_1_167' title='bbox 1096 1466 1147 1523; x_wconf 89' lang='lat' dir='ltr'><strong>ioci</strong></span> <span class='ocrx_word' id='word_1_168' title='bbox 1158 1468 1302 1528; x_wconf 76' lang='lat' dir='ltr'><strong>solitudine</strong></span> <span class='ocrx_word' id='word_1_169' title='bbox 1313 1472 1410 1530; x_wconf 87' lang='lat' dir='ltr'><strong>iactum</strong></span> <span class='ocrx_word' id='word_1_170' title='bbox 1421 1478 1471 1532; x_wconf 88' lang='lat' dir='ltr'><strong>est.</strong></span> <span class='ocrx_word' id='word_1_171' title='bbox 1482 1476 1559 1535; x_wconf 85' lang='lat' dir='ltr'><strong>Nunc</strong></span> <span class='ocrx_word' id='word_1_172' title='bbox 1571 1480 1681 1553; x_wconf 82' lang='lat' dir='ltr'><strong>quippe,</strong></span> <span class='ocrx_word' id='word_1_173' title='bbox 1697 1491 1771 1555; x_wconf 89' lang='lat' dir='ltr'><strong>post·</strong></span> 
     </span>
     <span class='ocr_line' id='line_1_14' title="bbox 127 1556 1774 1641; baseline 0.01 -27"><span class='ocrx_word' id='word_1_174' title='bbox 127 1556 295 1630; x_wconf 69' lang='lat' dir='ltr'><strong>diligentiam</strong></span> <span class='ocrx_word' id='word_1_175' title='bbox 308 1573 451 1632; x_wconf 74' lang='lat' dir='ltr'><strong>progressu</strong></span> <span class='ocrx_word' id='word_1_176' title='bbox 466 1561 594 1633; x_wconf 88' lang='lat' dir='ltr'><strong>temporis</strong></span> <span class='ocrx_word' id='word_1_177' title='bbox 606 1560 747 1617; x_wconf 75' lang='lat' dir='ltr'><strong>adhibetis.</strong></span> <span class='ocrx_word' id='word_1_178' title='bbox 978 1568 1093 1628; x_wconf 67' lang='lat' dir='ltr'><strong>mquam</strong></span> <span class='ocrx_word' id='word_1_179' title='bbox 1111 1560 1363 1621; x_wconf 78' lang='lat' dir='ltr'><strong>reverendissimum</strong></span> <span class='ocrx_word' id='word_1_180' title='bbox 1385 1576 1417 1623; x_wconf 86' lang='lat' dir='ltr'><strong>ac</strong></span> <span class='ocrx_word' id='word_1_181' title='bbox 1436 1568 1667 1641; x_wconf 76' lang='lat' dir='ltr'><strong>religiosissimum</strong></span> <span class='ocrx_word' id='word_1_182' title='bbox 1686 1572 1774 1631; x_wconf 87' lang='lat' dir='ltr'><strong>donti-</strong></span> 
     </span>
    </p>
   </div>
   <div class='ocr_carea' id='block_1_6' title="bbox 128 1664 928 1863">
    <p class='ocr_par' dir='ltr' id='par_1_6' title="bbox 128 1660 928 1863">
     <span class='ocr_line' id='line_1_15' title="bbox 128 1664 928 1783; baseline 0.011 -36"><span class='ocrx_word' id='word_1_183' title='bbox 128 1664 212 1749; x_wconf 76' lang='lat' dir='ltr'><strong>dlx.</strong></span> <span class='ocrx_word' id='word_1_184' title='bbox 232 1687 373 1769; x_wconf 76' lang='lat' dir='ltr'><strong>Episcopo,</strong></span> <span class='ocrx_word' id='word_1_185' title='bbox 398 1697 441 1769; x_wconf 79' lang='lat' dir='ltr'><strong>qes&#39;</strong></span> <span class='ocrx_word' id='word_1_186' title='bbox 455 1698 487 1751; x_wconf 86' lang='lat' dir='ltr'><strong>ab</strong></span> <span class='ocrx_word' id='word_1_187' title='bbox 501 1696 637 1753; x_wconf 77' lang='lat' dir='ltr'><strong>Occidente</strong></span> <span class='ocrx_word' id='word_1_188' title='bbox 657 1672 767 1755; x_wconf 75' lang='lat' dir='ltr'><strong>coemat.</strong></span> <span class='ocrx_word' id='word_1_189' title='bbox 782 1698 884 1772; x_wconf 75' lang='lat' dir='ltr'><strong>(Arane,</strong></span> <span class='ocrx_word' id='word_1_190' title='bbox 898 1708 928 1783; x_wconf 75' lang='lat' dir='ltr'><strong>ut</strong></span> 
     </span>
     <span class='ocr_line' id='line_1_16' title="bbox 421 1789 625 1863; baseline 0.005 -18"><span class='ocrx_word' id='word_1_191' title='bbox 421 1789 625 1863; x_wconf 60' lang='lat' dir='ltr'><strong>palatualis.)</strong></span> 
     </span>
    </p>
   </div>
   <div class='ocr_carea' id='block_1_7' title="bbox 65 1920 929 3033">
    <p class='ocr_par' dir='ltr' id='par_1_7' title="bbox 65 1920 929 2181">
     <span class='ocr_line' id='line_1_17' title="bbox 167 1920 928 1998; baseline 0.005 -19"><span class='ocrx_word' id='word_1_192' title='bbox 167 1920 234 1979; x_wconf 83' lang='lat' dir='ltr'><strong>Cum</strong></span> <span class='ocrx_word' id='word_1_193' title='bbox 247 1921 361 1980; x_wconf 90' lang='lat' dir='ltr'><strong>sudores</strong></span> <span class='ocrx_word' id='word_1_194' title='bbox 374 1939 431 1991; x_wconf 85' lang='lat' dir='ltr'><strong>eos,</strong></span> <span class='ocrx_word' id='word_1_195' title='bbox 458 1940 526 1996; x_wconf 79' lang='lat' dir='ltr'><strong>nuos</strong></span> <span class='ocrx_word' id='word_1_196' title='bbox 538 1934 566 1981; x_wconf 89' lang='lat' dir='ltr'><strong>et</strong></span> <span class='ocrx_word' id='word_1_197' title='bbox 580 1926 670 1994; x_wconf 88' lang='lat' dir='ltr'><strong>domi,</strong></span> <span class='ocrx_word' id='word_1_198' title='bbox 682 1934 709 1981; x_wconf 87' lang='lat' dir='ltr'><strong>ct</strong></span> <span class='ocrx_word' id='word_1_199' title='bbox 723 1926 749 1982; x_wconf 90' lang='lat' dir='ltr'><strong>iu</strong></span> <span class='ocrx_word' id='word_1_200' title='bbox 777 1936 830 1983; x_wconf 89' lang='lat' dir='ltr'><strong>tam</strong></span> <span class='ocrx_word' id='word_1_201' title='bbox 849 1928 928 1998; x_wconf 70' lang='lat' dir='ltr'><strong>ionga</strong></span> 
     </span>
     <span class='ocr_line' id='line_1_18' title="bbox 128 2012 929 2089; baseline 0.01 -22"><span class='ocrx_word' id='word_1_202' title='bbox 128 2026 164 2070; x_wconf 90' lang='lat' dir='ltr'><strong>ac</strong></span> <span class='ocrx_word' id='word_1_203' title='bbox 175 2014 277 2071; x_wconf 81' lang='lat' dir='ltr'><strong>mariba</strong></span> <span class='ocrx_word' id='word_1_204' title='bbox 291 2016 506 2089; x_wconf 72' lang='lat' dir='ltr'><strong>peregrinatione</strong></span> <span class='ocrx_word' id='word_1_205' title='bbox 521 2032 569 2088; x_wconf 91' lang='lat' dir='ltr'><strong>pro</strong></span> <span class='ocrx_word' id='word_1_206' title='bbox 583 2012 711 2075; x_wconf 80' lang='lat' dir='ltr'><strong>Ecclesiae</strong></span> <span class='ocrx_word' id='word_1_207' title='bbox 725 2018 873 2074; x_wconf 89' lang='lat' dir='ltr'><strong>commodis</strong></span> <span class='ocrx_word' id='word_1_208' title='bbox 887 2034 929 2075; x_wconf 89' lang='lat' dir='ltr'><strong>su·</strong></span> 
     </span>
     <span class='ocr_line' id='line_1_19' title="bbox 65 2106 927 2181; baseline 0.006 -20"><span class='ocrx_word' id='word_1_209' title='bbox 65 2169 66 2178; x_wconf 10' lang='grc' dir='ltr'>χ</span> <span class='ocrx_word' id='word_1_210' title='bbox 128 2106 215 2175; x_wconf 90' lang='lat' dir='ltr'><strong>biisti,</strong></span> <span class='ocrx_word' id='word_1_211' title='bbox 234 2119 339 2164; x_wconf 87' lang='lat' dir='ltr'><strong>mecum</strong></span> <span class='ocrx_word' id='word_1_212' title='bbox 366 2108 615 2181; x_wconf 72' lang='lat' dir='ltr'><strong>perpendentem</strong></span> <span class='ocrx_word' id='word_1_213' title='bbox 641 2118 704 2163; x_wconf 89' lang='lat' dir='ltr'><strong>ante</strong></span> <span class='ocrx_word' id='word_1_214' title='bbox 728 2109 809 2163; x_wconf 88' lang='lat' dir='ltr'><strong>linem</strong></span> <span class='ocrx_word' id='word_1_215' title='bbox 833 2108 927 2166; x_wconf 86' lang='lat' dir='ltr'><strong>laudea</strong></span> 
     </span>
    </p>

    <p class='ocr_par' dir='ltr' id='par_1_8' title="bbox 65 2201 928 3033">
     <span class='ocr_line' id='line_1_20' title="bbox 129 2201 927 2273; baseline 0.004 -18"><span class='ocrx_word' id='word_1_216' title='bbox 129 2208 190 2257; x_wconf 88' lang='lat' dir='ltr'><strong>tuas</strong></span> <span class='ocrx_word' id='word_1_217' title='bbox 208 2201 371 2272; x_wconf 77' lang='lat' dir='ltr'><strong>predicare.</strong></span> <span class='ocrx_word' id='word_1_218' title='bbox 393 2212 471 2273; x_wconf 80' lang='lat' dir='ltr'><strong>teque</strong></span> <span class='ocrx_word' id='word_1_219' title='bbox 493 2217 592 2259; x_wconf 88' lang='lat' dir='ltr'><strong>corona</strong></span> <span class='ocrx_word' id='word_1_220' title='bbox 612 2202 749 2270; x_wconf 86' lang='lat' dir='ltr'><strong>redimIre,</strong></span> <span class='ocrx_word' id='word_1_221' title='bbox 763 2206 796 2259; x_wconf 76' lang='lat' dir='ltr'><strong>de</strong></span> <span class='ocrx_word' id='word_1_222' title='bbox 817 2201 927 2258; x_wconf 83' lang='lat' dir='ltr'><strong>beatum</strong></span> 
     </span>
     <span class='ocr_line' id='line_1_21' title="bbox 128 2291 927 2370; baseline 0.005 -17"><span class='ocrx_word' id='word_1_223' title='bbox 128 2297 221 2353; x_wconf 88' lang='lat' dir='ltr'><strong>dicere</strong></span> <span class='ocrx_word' id='word_1_224' title='bbox 233 2312 287 2355; x_wconf 91' lang='lat' dir='ltr'><strong>nou</strong></span> <span class='ocrx_word' id='word_1_225' title='bbox 300 2298 553 2355; x_wconf 74' lang='lat' dir='ltr'><strong>munditenens</strong></span> <span class='ocrx_word' id='word_1_226' title='bbox 567 2309 613 2354; x_wconf 91' lang='lat' dir='ltr'><strong>tuo</strong></span> <span class='ocrx_word' id='word_1_227' title='bbox 625 2299 715 2355; x_wconf 91' lang='lat' dir='ltr'><strong>studio</strong></span> <span class='ocrx_word' id='word_1_228' title='bbox 729 2291 769 2353; x_wconf 87' lang='lat' dir='ltr'><strong>&#39;ac</strong></span> <span class='ocrx_word' id='word_1_229' title='bbox 789 2297 927 2370; x_wconf 71' lang='lat' dir='ltr'><strong>diligentia</strong></span> 
     </span>
     <span class='ocr_line' id='line_1_22' title="bbox 129 2390 928 2463; baseline -0.004 -16"><span class='ocrx_word' id='word_1_230' title='bbox 129 2390 230 2462; x_wconf 89' lang='lat' dir='ltr'><strong>aliquid</strong></span> <span class='ocrx_word' id='word_1_231' title='bbox 240 2391 407 2463; x_wconf 75' lang='lat' dir='ltr'><strong>perficietur,</strong></span> <span class='ocrx_word' id='word_1_232' title='bbox 423 2392 532 2447; x_wconf 86' lang='lat' dir='ltr'><strong>domine</strong></span> <span class='ocrx_word' id='word_1_233' title='bbox 550 2391 588 2449; x_wconf 86' lang='lat' dir='ltr'><strong>uti</strong></span> <span class='ocrx_word' id='word_1_234' title='bbox 612 2390 855 2458; x_wconf 86' lang='lat' dir='ltr'><strong>reverendissime,</strong></span> <span class='ocrx_word' id='word_1_235' title='bbox 870 2392 928 2445; x_wconf 88' lang='lat' dir='ltr'><strong>sive</strong></span> 
     </span>
     <span class='ocr_line' id='line_1_23' title="bbox 115 2480 927 2551; baseline 0.002 -14"><span class='ocrx_word' id='word_1_236' title='bbox 115 2532 119 2537; x_wconf 81' lang='grc'>,</span> <span class='ocrx_word' id='word_1_237' title='bbox 132 2483 161 2537; x_wconf 92' lang='lat' dir='ltr'><strong>iu</strong></span> <span class='ocrx_word' id='word_1_238' title='bbox 175 2482 268 2537; x_wconf 87' lang='lat' dir='ltr'><strong>eadem</strong></span> <span class='ocrx_word' id='word_1_239' title='bbox 279 2481 361 2537; x_wconf 83' lang='lat' dir='ltr'><strong>aditui</strong></span> <span class='ocrx_word' id='word_1_240' title='bbox 373 2480 520 2551; x_wconf 77' lang='lat' dir='ltr'><strong>pertinacia</strong></span> <span class='ocrx_word' id='word_1_241' title='bbox 531 2480 570 2538; x_wconf 91' lang='lat' dir='ltr'><strong>illi</strong></span> <span class='ocrx_word' id='word_1_242' title='bbox 581 2482 712 2551; x_wconf 82' lang='lat' dir='ltr'><strong>ltaereanl,</strong></span> <span class='ocrx_word' id='word_1_243' title='bbox 721 2497 754 2539; x_wconf 89' lang='lat' dir='ltr'><strong>ac</strong></span> <span class='ocrx_word' id='word_1_244' title='bbox 766 2482 927 2539; x_wconf 87' lang='lat' dir='ltr'><strong>medicinam</strong></span> 
     </span>
     <span class='ocr_line' id='line_1_24' title="bbox 132 2574 928 2649; baseline 0.005 -20"><span class='ocrx_word' id='word_1_245' title='bbox 132 2587 241 2629; x_wconf 82' lang='lat' dir='ltr'><strong>omanem</strong></span> <span class='ocrx_word' id='word_1_246' title='bbox 253 2582 440 2645; x_wconf 87' lang='lat' dir='ltr'><strong>aspernentur,</strong></span> <span class='ocrx_word' id='word_1_247' title='bbox 456 2576 499 2646; x_wconf 79' lang='lat' dir='ltr'><strong>qui</strong></span> <span class='ocrx_word' id='word_1_248' title='bbox 516 2574 568 2632; x_wconf 86' lang='lat' dir='ltr'><strong>Itos</strong></span> <span class='ocrx_word' id='word_1_249' title='bbox 586 2584 679 2631; x_wconf 89' lang='lat' dir='ltr'><strong>molus</strong></span> <span class='ocrx_word' id='word_1_250' title='bbox 697 2576 811 2647; x_wconf 90' lang='lat' dir='ltr'><strong>primum</strong></span> <span class='ocrx_word' id='word_1_251' title='bbox 829 2575 928 2649; x_wconf 76' lang='lat' dir='ltr'><strong>injece·</strong></span> 
     </span>
     <span class='ocr_line' id='line_1_25' title="bbox 65 2665 928 2740; baseline 0.006 -20"><span class='ocrx_word' id='word_1_252' title='bbox 65 2693 69 2702; x_wconf 89' lang='lat'><em>·</em></span> <span class='ocrx_word' id='word_1_253' title='bbox 133 2673 207 2730; x_wconf 84' lang='lat' dir='ltr'><strong>rtrnl,</strong></span> <span class='ocrx_word' id='word_1_254' title='bbox 221 2665 268 2721; x_wconf 88' lang='lat' dir='ltr'><strong>tibi</strong></span> <span class='ocrx_word' id='word_1_255' title='bbox 281 2677 354 2724; x_wconf 85' lang='lat' dir='ltr'><strong>certe</strong></span> <span class='ocrx_word' id='word_1_256' title='bbox 367 2666 403 2722; x_wconf 89' lang='lat' dir='ltr'><strong>ob</strong></span> <span class='ocrx_word' id='word_1_257' title='bbox 415 2666 487 2723; x_wconf 89' lang='lat' dir='ltr'><strong>bunc</strong></span> <span class='ocrx_word' id='word_1_258' title='bbox 508 2668 626 2724; x_wconf 88' lang='lat' dir='ltr'><strong>animum</strong></span> <span class='ocrx_word' id='word_1_259' title='bbox 640 2679 688 2734; x_wconf 89' lang='lat' dir='ltr'><strong>,et</strong></span> <span class='ocrx_word' id='word_1_260' title='bbox 711 2668 783 2740; x_wconf 85' lang='lat' dir='ltr'><strong>quod</strong></span> <span class='ocrx_word' id='word_1_261' title='bbox 793 2686 824 2727; x_wconf 85' lang='lat' dir='ltr'><strong>ea</strong></span> <span class='ocrx_word' id='word_1_262' title='bbox 837 2670 928 2726; x_wconf 85' lang='lat' dir='ltr'><strong>emula</strong></span> 
     </span>
     <span class='ocr_line' id='line_1_26' title="bbox 133 2757 928 2831; baseline 0.013 -24"><span class='ocrx_word' id='word_1_263' title='bbox 133 2771 194 2828; x_wconf 77' lang='lat' dir='ltr'><strong>qnae</strong></span> <span class='ocrx_word' id='word_1_264' title='bbox 209 2757 248 2813; x_wconf 94' lang='lat' dir='ltr'><strong>tui</strong></span> <span class='ocrx_word' id='word_1_265' title='bbox 258 2757 377 2815; x_wconf 87' lang='lat' dir='ltr'><strong>muneris</strong></span> <span class='ocrx_word' id='word_1_266' title='bbox 394 2768 471 2815; x_wconf 86' lang='lat' dir='ltr'><strong>cram</strong></span> <span class='ocrx_word' id='word_1_267' title='bbox 482 2759 648 2827; x_wconf 87' lang='lat' dir='ltr'><strong>contuleris,</strong></span> <span class='ocrx_word' id='word_1_268' title='bbox 663 2760 741 2831; x_wconf 88' lang='lat' dir='ltr'><strong>plena</strong></span> <span class='ocrx_word' id='word_1_269' title='bbox 754 2770 781 2818; x_wconf 89' lang='lat' dir='ltr'><strong>et</strong></span> <span class='ocrx_word' id='word_1_270' title='bbox 792 2762 928 2818; x_wconf 88' lang='lat' dir='ltr'><strong>cumulata</strong></span> 
     </span>
     <span class='ocr_line' id='line_1_27' title="bbox 133 2851 928 2923; baseline 0.01 -18"><span class='ocrx_word' id='word_1_271' title='bbox 133 2864 237 2907; x_wconf 87' lang='lat' dir='ltr'><strong>merces</strong></span> <span class='ocrx_word' id='word_1_272' title='bbox 257 2851 318 2906; x_wconf 89' lang='lat' dir='ltr'><strong>crit.</strong></span> <span class='ocrx_word' id='word_1_273' title='bbox 330 2853 369 2907; x_wconf 82' lang='lat' dir='ltr'><strong>dc</strong></span> <span class='ocrx_word' id='word_1_274' title='bbox 379 2862 521 2923; x_wconf 83' lang='lat' dir='ltr'><strong>propterea</strong></span> <span class='ocrx_word' id='word_1_275' title='bbox 535 2855 593 2908; x_wconf 89' lang='lat' dir='ltr'><strong>sine</strong></span> <span class='ocrx_word' id='word_1_276' title='bbox 607 2852 659 2907; x_wconf 91' lang='lat' dir='ltr'><strong>ulia</strong></span> <span class='ocrx_word' id='word_1_277' title='bbox 682 2854 881 2913; x_wconf 87' lang='lat' dir='ltr'><strong>intermissione</strong></span> <span class='ocrx_word' id='word_1_278' title='bbox 902 2866 928 2912; x_wconf 89' lang='lat' dir='ltr'><strong>te</strong></span> 
     </span>
     <span class='ocr_line' id='line_1_28' title="bbox 65 2944 927 3033; baseline 0.006 -35"><span class='ocrx_word' id='word_1_279' title='bbox 65 2995 68 3033; x_wconf 26' lang='grc' dir='ltr'><strong>,Ἠ</strong></span> <span class='ocrx_word' id='word_1_280' title='bbox 132 2944 240 2999; x_wconf 87' lang='lat' dir='ltr'><strong>beatum</strong></span> <span class='ocrx_word' id='word_1_281' title='bbox 253 2944 370 3014; x_wconf 72' lang='lat' dir='ltr'><strong>praedico</strong></span> <span class='ocrx_word' id='word_1_282' title='bbox 388 2959 420 2999; x_wconf 91' lang='lat' dir='ltr'><strong>ac</strong></span> <span class='ocrx_word' id='word_1_283' title='bbox 435 2944 565 3015; x_wconf 78' lang='lat' dir='ltr'><strong>suspicio,</strong></span> <span class='ocrx_word' id='word_1_284' title='bbox 580 2944 734 3017; x_wconf 69' lang='lat' dir='ltr'><strong>gratiasque</strong></span> <span class='ocrx_word' id='word_1_285' title='bbox 745 2947 790 3003; x_wconf 89' lang='lat' dir='ltr'><strong>tibi</strong></span> <span class='ocrx_word' id='word_1_286' title='bbox 801 2962 861 3018; x_wconf 74' lang='lat' dir='ltr'><strong>ago.</strong></span> <span class='ocrx_word' id='word_1_287' title='bbox 876 2949 927 3003; x_wconf 85' lang='lat' dir='ltr'><strong>at-</strong></span> 
     </span>
    </p>
   </div>
   <div class='ocr_carea' id='block_1_8' title="bbox 130 3035 978 3114">
    <p class='ocr_par' dir='ltr' id='par_1_9' title="bbox 130 3035 978 3114">
     <span class='ocr_line' id='line_1_29' title="bbox 130 3035 978 3114; baseline 0.013 -25"><span class='ocrx_word' id='word_1_288' title='bbox 130 3050 184 3105; x_wconf 82' lang='lat' dir='ltr'><strong>que</strong></span> <span class='ocrx_word' id='word_1_289' title='bbox 193 3036 273 3090; x_wconf 83' lang='lat' dir='ltr'><strong>etiarn</strong></span> <span class='ocrx_word' id='word_1_290' title='bbox 287 3035 382 3098; x_wconf 87' lang='lat' dir='ltr'><strong>veilent</strong></span> <span class='ocrx_word' id='word_1_291' title='bbox 396 3037 515 3093; x_wconf 86' lang='lat' dir='ltr'><strong>credulus</strong></span> <span class='ocrx_word' id='word_1_292' title='bbox 531 3038 596 3093; x_wconf 81' lang='lat' dir='ltr'><strong>turibi</strong></span> <span class='ocrx_word' id='word_1_293' title='bbox 606 3040 723 3098; x_wconf 84' lang='lat' dir='ltr'><strong>scribere</strong></span> <span class='ocrx_word' id='word_1_294' title='bbox 734 3041 827 3099; x_wconf 89' lang='lat' dir='ltr'><strong>liceret</strong></span> <span class='ocrx_word' id='word_1_295' title='bbox 839 3062 847 3101; x_wconf 76' lang='grc' dir='ltr'>ι</span> <span class='ocrx_word' id='word_1_296' title='bbox 861 3058 929 3114; x_wconf 85' lang='lat' dir='ltr'><strong>quo-</strong></span> <span class='ocrx_word' id='word_1_297' title='bbox 974 3072 978 3077; x_wconf 93' lang='lat'><em>·</em></span> 
     </span>
    </p>
   </div>
   <div class='ocr_carea' id='block_1_9' title="bbox 65 3126 930 4775">
    <p class='ocr_par' dir='ltr' id='par_1_10' title="bbox 65 3126 928 4037">
     <span class='ocr_line' id='line_1_30' title="bbox 65 3126 928 3205; baseline 0.015 -24"><span class='ocrx_word' id='word_1_298' title='bbox 65 3168 69 3181; x_wconf 94' lang='lat'><strong>.</strong></span> <span class='ocrx_word' id='word_1_299' title='bbox 131 3126 300 3182; x_wconf 83' lang='lat' dir='ltr'><strong>clamantem</strong></span> <span class='ocrx_word' id='word_1_300' title='bbox 314 3126 393 3199; x_wconf 78' lang='lat' dir='ltr'><strong>hirjats</strong></span> <span class='ocrx_word' id='word_1_301' title='bbox 406 3127 457 3186; x_wconf 89' lang='lat' dir='ltr'><strong>Ioci</strong></span> <span class='ocrx_word' id='word_1_302' title='bbox 470 3170 478 3197; x_wconf 94' lang='lat'><strong>,</strong></span> <span class='ocrx_word' id='word_1_303' title='bbox 493 3144 547 3201; x_wconf 88' lang='lat' dir='ltr'><strong>quo</strong></span> <span class='ocrx_word' id='word_1_304' title='bbox 557 3132 699 3190; x_wconf 82' lang='lat' dir='ltr'><strong>conclusus</strong></span> <span class='ocrx_word' id='word_1_305' title='bbox 714 3143 817 3203; x_wconf 87' lang='lat' dir='ltr'><strong>teneor,</strong></span> <span class='ocrx_word' id='word_1_306' title='bbox 831 3136 928 3205; x_wconf 83' lang='lat' dir='ltr'><strong>solitu·</strong></span> 
     </span>
     <span class='ocr_line' id='line_1_31' title="bbox 130 3218 928 3294; baseline 0.015 -21"><span class='ocrx_word' id='word_1_307' title='bbox 130 3218 166 3274; x_wconf 91' lang='lat' dir='ltr'><strong>dc</strong></span> <span class='ocrx_word' id='word_1_308' title='bbox 176 3218 241 3275; x_wconf 87' lang='lat' dir='ltr'><strong>milti</strong></span> <span class='ocrx_word' id='word_1_309' title='bbox 257 3218 308 3277; x_wconf 87' lang='lat' dir='ltr'><strong>unc</strong></span> <span class='ocrx_word' id='word_1_310' title='bbox 320 3221 435 3288; x_wconf 87' lang='lat' dir='ltr'><strong>ademit,</strong></span> <span class='ocrx_word' id='word_1_311' title='bbox 458 3223 559 3281; x_wconf 82' lang='lat' dir='ltr'><strong>Ichrco</strong></span> <span class='ocrx_word' id='word_1_312' title='bbox 585 3242 672 3294; x_wconf 83' lang='lat' dir='ltr'><strong>nutrc,</strong></span> <span class='ocrx_word' id='word_1_313' title='bbox 686 3242 754 3285; x_wconf 65' lang='lat' dir='ltr'><strong>eum,</strong></span> <span class='ocrx_word' id='word_1_314' title='bbox 769 3230 834 3285; x_wconf 86' lang='lat' dir='ltr'><strong>milri</strong></span> <span class='ocrx_word' id='word_1_315' title='bbox 850 3246 928 3287; x_wconf 89' lang='lat' dir='ltr'><strong>reve·</strong></span> 
     </span>
     <span class='ocr_line' id='line_1_32' title="bbox 65 3309 928 3394; baseline 0.015 -30"><span class='ocrx_word' id='word_1_316' title='bbox 65 3375 67 3388; x_wconf 40' lang='grc' dir='ltr'>Ι</span> <span class='ocrx_word' id='word_1_317' title='bbox 132 3309 284 3369; x_wconf 83' lang='lat' dir='ltr'><strong>rendissImi</strong></span> <span class='ocrx_word' id='word_1_318' title='bbox 313 3329 344 3368; x_wconf 92' lang='lat' dir='ltr'><strong>ac</strong></span> <span class='ocrx_word' id='word_1_319' title='bbox 362 3313 558 3386; x_wconf 73' lang='lat' dir='ltr'><strong>reilgiosissimi</strong></span> <span class='ocrx_word' id='word_1_320' title='bbox 577 3316 679 3373; x_wconf 90' lang='lat' dir='ltr'><strong>domiui</strong></span> <span class='ocrx_word' id='word_1_321' title='bbox 701 3320 755 3384; x_wconf 87' lang='lat' dir='ltr'><strong>mei</strong></span> <span class='ocrx_word' id='word_1_322' title='bbox 778 3321 928 3394; x_wconf 73' lang='lat' dir='ltr'><strong>presbytcri</strong></span> 
     </span>
     <span class='ocr_line' id='line_1_33' title="bbox 65 3399 928 3481; baseline 0.015 -25"><span class='ocrx_word' id='word_1_323' title='bbox 65 3399 70 3410; x_wconf 94' lang='lat'>&#39;</span> <span class='ocrx_word' id='word_1_324' title='bbox 114 3464 118 3467; x_wconf 50' lang='grc'>,</span> <span class='ocrx_word' id='word_1_325' title='bbox 132 3410 251 3473; x_wconf 91' lang='lat' dir='ltr'><strong>potestas</strong></span> <span class='ocrx_word' id='word_1_326' title='bbox 264 3405 332 3461; x_wconf 88' lang='lat' dir='ltr'><strong>lacta</strong></span> <span class='ocrx_word' id='word_1_327' title='bbox 346 3414 403 3473; x_wconf 89' lang='lat' dir='ltr'><strong>est,</strong></span> <span class='ocrx_word' id='word_1_328' title='bbox 425 3414 454 3463; x_wconf 91' lang='lat' dir='ltr'><strong>et</strong></span> <span class='ocrx_word' id='word_1_329' title='bbox 470 3406 572 3475; x_wconf 87' lang='lat' dir='ltr'><strong>scribo,</strong></span> <span class='ocrx_word' id='word_1_330' title='bbox 585 3418 612 3465; x_wconf 88' lang='lat' dir='ltr'><strong>et</strong></span> <span class='ocrx_word' id='word_1_331' title='bbox 626 3424 707 3481; x_wconf 85' lang='lat' dir='ltr'><strong>quam</strong></span> <span class='ocrx_word' id='word_1_332' title='bbox 726 3410 813 3468; x_wconf 85' lang='lat' dir='ltr'><strong>desen</strong></span> <span class='ocrx_word' id='word_1_333' title='bbox 824 3413 928 3469; x_wconf 73' lang='lat' dir='ltr'><strong>miuu-</strong></span> 
     </span>
     <span class='ocr_line' id='line_1_34' title="bbox 65 3496 928 3575; baseline 0.015 -24"><span class='ocrx_word' id='word_1_334' title='bbox 65 3571 66 3574; x_wconf 62' lang='lat'><strong>,</strong></span> <span class='ocrx_word' id='word_1_335' title='bbox 133 3496 232 3553; x_wconf 88' lang='lat' dir='ltr'><strong>tionem</strong></span> <span class='ocrx_word' id='word_1_336' title='bbox 247 3496 293 3553; x_wconf 88' lang='lat' dir='ltr'><strong>tibi</strong></span> <span class='ocrx_word' id='word_1_337' title='bbox 310 3498 441 3569; x_wconf 76' lang='lat' dir='ltr'><strong>persolvo.</strong></span> <span class='ocrx_word' id='word_1_338' title='bbox 454 3498 522 3557; x_wconf 86' lang='lat' dir='ltr'><strong>Nam</strong></span> <span class='ocrx_word' id='word_1_339' title='bbox 531 3502 734 3575; x_wconf 85' lang='lat' dir='ltr'><strong>animoquidem</strong></span> <span class='ocrx_word' id='word_1_340' title='bbox 746 3518 778 3560; x_wconf 89' lang='lat' dir='ltr'><strong>ac</strong></span> <span class='ocrx_word' id='word_1_341' title='bbox 792 3504 928 3564; x_wconf 76' lang='lat' dir='ltr'><strong>idoneis</strong></span> 
     </span>
     <span class='ocr_line' id='line_1_35' title="bbox 65 3577 927 3669; baseline 0.013 -24"><span class='ocrx_word' id='word_1_342' title='bbox 65 3577 66 3596; x_wconf 70' lang='lat'>³</span> <span class='ocrx_word' id='word_1_343' title='bbox 132 3603 253 3663; x_wconf 72' lang='lat' dir='ltr'><strong>persaepe</strong></span> <span class='ocrx_word' id='word_1_344' title='bbox 262 3592 355 3663; x_wconf 81' lang='lat' dir='ltr'><strong>scripsi</strong></span> <span class='ocrx_word' id='word_1_345' title='bbox 366 3610 373 3650; x_wconf 94' lang='lat'><strong>:</strong></span> <span class='ocrx_word' id='word_1_346' title='bbox 383 3594 483 3651; x_wconf 81' lang='lat' dir='ltr'><strong>cltartae</strong></span> <span class='ocrx_word' id='word_1_347' title='bbox 495 3603 585 3651; x_wconf 88' lang='lat' dir='ltr'><strong>aulem</strong></span> <span class='ocrx_word' id='word_1_348' title='bbox 600 3605 680 3667; x_wconf 85' lang='lat' dir='ltr'><strong>atque</strong></span> <span class='ocrx_word' id='word_1_349' title='bbox 691 3598 832 3654; x_wconf 87' lang='lat' dir='ltr'><strong>atramenti</strong></span> <span class='ocrx_word' id='word_1_350' title='bbox 844 3610 927 3669; x_wconf 81' lang='lat' dir='ltr'><strong>opera</strong></span> 
     </span>
     <span class='ocr_line' id='line_1_36' title="bbox 131 3684 928 3761; baseline 0.015 -24"><span class='ocrx_word' id='word_1_351' title='bbox 131 3696 203 3738; x_wconf 88' lang='lat' dir='ltr'><strong>nunc</strong></span> <span class='ocrx_word' id='word_1_352' title='bbox 220 3684 335 3755; x_wconf 70' lang='lat' dir='ltr'><strong>plutum</strong></span> <span class='ocrx_word' id='word_1_353' title='bbox 345 3702 354 3745; x_wconf 72' lang='lat' dir='ltr'><strong>a</strong></span> <span class='ocrx_word' id='word_1_354' title='bbox 366 3687 493 3758; x_wconf 83' lang='lat' dir='ltr'><strong>qnoniam</strong></span> <span class='ocrx_word' id='word_1_355' title='bbox 505 3688 609 3745; x_wconf 91' lang='lat' dir='ltr'><strong>scilicet</strong></span> <span class='ocrx_word' id='word_1_356' title='bbox 621 3703 692 3745; x_wconf 91' lang='lat' dir='ltr'><strong>nuuc</strong></span> <span class='ocrx_word' id='word_1_357' title='bbox 709 3689 790 3746; x_wconf 86' lang='lat' dir='ltr'><strong>etiarn</strong></span> <span class='ocrx_word' id='word_1_358' title='bbox 809 3690 928 3761; x_wconf 81' lang='lat' dir='ltr'><strong>primunr</strong></span> 
     </span>
     <span class='ocr_line' id='line_1_37' title="bbox 132 3772 926 3849; baseline 0.013 -20"><span class='ocrx_word' id='word_1_359' title='bbox 132 3772 288 3845; x_wconf 87' lang='lat' dir='ltr'><strong>Itominem,</strong></span> <span class='ocrx_word' id='word_1_360' title='bbox 310 3776 356 3848; x_wconf 83' lang='lat' dir='ltr'><strong>qui</strong></span> <span class='ocrx_word' id='word_1_361' title='bbox 369 3777 402 3833; x_wconf 88' lang='lat' dir='ltr'><strong>ad</strong></span> <span class='ocrx_word' id='word_1_362' title='bbox 424 3792 472 3835; x_wconf 88' lang='lat' dir='ltr'><strong>vos</strong></span> <span class='ocrx_word' id='word_1_363' title='bbox 485 3778 709 3849; x_wconf 79' lang='lat' dir='ltr'><strong>proficisceretur,</strong></span> <span class='ocrx_word' id='word_1_364' title='bbox 737 3791 831 3838; x_wconf 81' lang='lat' dir='ltr'><strong>tractus</strong></span> <span class='ocrx_word' id='word_1_365' title='bbox 855 3798 926 3839; x_wconf 89' lang='lat' dir='ltr'><strong>snm.</strong></span> 
     </span>
     <span class='ocr_line' id='line_1_38' title="bbox 132 3867 926 3947; baseline 0.008 -22"><span class='ocrx_word' id='word_1_366' title='bbox 132 3867 198 3925; x_wconf 77' lang='lat' dir='ltr'><strong>Cum</strong></span> <span class='ocrx_word' id='word_1_367' title='bbox 208 3869 288 3941; x_wconf 66' lang='lat' dir='ltr'><strong>igittu</strong></span> <span class='ocrx_word' id='word_1_368' title='bbox 297 3868 378 3939; x_wconf 92' lang='lat' dir='ltr'><strong>bunc,</strong></span> <span class='ocrx_word' id='word_1_369' title='bbox 389 3882 417 3927; x_wconf 91' lang='lat' dir='ltr'><strong>ut</strong></span> <span class='ocrx_word' id='word_1_370' title='bbox 431 3871 582 3931; x_wconf 86' lang='lat' dir='ltr'><strong>bunranitas</strong></span> <span class='ocrx_word' id='word_1_371' title='bbox 597 3882 640 3929; x_wconf 89' lang='lat' dir='ltr'><strong>tua</strong></span> <span class='ocrx_word' id='word_1_372' title='bbox 665 3875 762 3946; x_wconf 86' lang='lat' dir='ltr'><strong>poscit,</strong></span> <span class='ocrx_word' id='word_1_373' title='bbox 776 3875 926 3947; x_wconf 83' lang='lat' dir='ltr'><strong>etceperis,</strong></span> 
     </span>
     <span class='ocr_line' id='line_1_39' title="bbox 65 3942 928 4037; baseline 0.008 -21"><span class='ocrx_word' id='word_1_374' title='bbox 65 3942 68 3974; x_wconf 73' lang='grc'><strong>”</strong></span> <span class='ocrx_word' id='word_1_375' title='bbox 117 3942 256 4035; x_wconf 58' lang='lat' dir='ltr'><strong>&#39;eamque</strong></span> <span class='ocrx_word' id='word_1_376' title='bbox 269 3978 349 4033; x_wconf 82' lang='lat' dir='ltr'><strong>quant</strong></span> <span class='ocrx_word' id='word_1_377' title='bbox 359 3968 494 4035; x_wconf 83' lang='lat' dir='ltr'><strong>convenit,</strong></span> <span class='ocrx_word' id='word_1_378' title='bbox 508 3981 571 4037; x_wconf 75' lang='lat' dir='ltr'><strong>erga</strong></span> <span class='ocrx_word' id='word_1_379' title='bbox 584 3980 645 4021; x_wconf 91' lang='lat' dir='ltr'><strong>eum</strong></span> <span class='ocrx_word' id='word_1_380' title='bbox 655 3966 794 4022; x_wconf 88' lang='lat' dir='ltr'><strong>caritatem</strong></span> <span class='ocrx_word' id='word_1_381' title='bbox 815 3966 928 4023; x_wconf 84' lang='lat' dir='ltr'><strong>denton-</strong></span> 
     </span>
    </p>

    <p class='ocr_par' dir='ltr' id='par_1_11' title="bbox 65 4053 930 4775">
     <span class='ocr_line' id='line_1_40' title="bbox 132 4053 928 4129; baseline 0.008 -20"><span class='ocrx_word' id='word_1_382' title='bbox 132 4054 272 4121; x_wconf 83' lang='lat' dir='ltr'><strong>straueris,</strong></span> <span class='ocrx_word' id='word_1_383' title='bbox 287 4053 339 4113; x_wconf 86' lang='lat' dir='ltr'><strong>itae</strong></span> <span class='ocrx_word' id='word_1_384' title='bbox 351 4056 375 4113; x_wconf 88' lang='lat' dir='ltr'><strong>ci</strong></span> <span class='ocrx_word' id='word_1_385' title='bbox 386 4056 444 4125; x_wconf 90' lang='lat' dir='ltr'><strong>des,</strong></span> <span class='ocrx_word' id='word_1_386' title='bbox 468 4072 571 4129; x_wconf 77' lang='lat' dir='ltr'><strong>quaeso,</strong></span> <span class='ocrx_word' id='word_1_387' title='bbox 583 4068 612 4114; x_wconf 93' lang='lat' dir='ltr'><strong>ut</strong></span> <span class='ocrx_word' id='word_1_388' title='bbox 634 4074 667 4115; x_wconf 84' lang='lat' dir='ltr'><strong>cx</strong></span> <span class='ocrx_word' id='word_1_389' title='bbox 683 4066 728 4114; x_wconf 83' lang='lat' dir='ltr'><strong>uta</strong></span> <span class='ocrx_word' id='word_1_390' title='bbox 740 4058 928 4117; x_wconf 88' lang='lat' dir='ltr'><strong>benevolentia</strong></span> 
     </span>
     <span class='ocr_line' id='line_1_41' title="bbox 65 4135 928 4221; baseline 0.008 -21"><span class='ocrx_word' id='word_1_391' title='bbox 65 4135 66 4142; x_wconf 57' lang='lat'><em>&#39;</em></span> <span class='ocrx_word' id='word_1_392' title='bbox 133 4146 235 4217; x_wconf 73' lang='lat' dir='ltr'><strong>ingenti</strong></span> <span class='ocrx_word' id='word_1_393' title='bbox 249 4148 384 4219; x_wconf 85' lang='lat' dir='ltr'><strong>voluptate</strong></span> <span class='ocrx_word' id='word_1_394' title='bbox 407 4149 547 4207; x_wconf 87' lang='lat' dir='ltr'><strong>alticiatnr.</strong></span> <span class='ocrx_word' id='word_1_395' title='bbox 569 4150 628 4207; x_wconf 87' lang='lat' dir='ltr'><strong>Non</strong></span> <span class='ocrx_word' id='word_1_396' title='bbox 644 4150 716 4207; x_wconf 86' lang='lat' dir='ltr'><strong>enirn</strong></span> <span class='ocrx_word' id='word_1_397' title='bbox 730 4165 835 4221; x_wconf 76' lang='lat' dir='ltr'><strong>magnae</strong></span> <span class='ocrx_word' id='word_1_398' title='bbox 849 4148 928 4221; x_wconf 75' lang='lat' dir='ltr'><strong>intritus</strong></span> 
     </span>
     <span class='ocr_line' id='line_1_42' title="bbox 133 4242 928 4313; baseline 0.003 -18"><span class='ocrx_word' id='word_1_399' title='bbox 133 4252 271 4307; x_wconf 72' lang='lat' dir='ltr'><strong>maronae,</strong></span> <span class='ocrx_word' id='word_1_400' title='bbox 291 4256 370 4313; x_wconf 78' lang='lat' dir='ltr'><strong>quatu</strong></span> <span class='ocrx_word' id='word_1_401' title='bbox 397 4242 424 4299; x_wconf 89' lang='lat' dir='ltr'><strong>iu</strong></span> <span class='ocrx_word' id='word_1_402' title='bbox 445 4242 541 4299; x_wconf 88' lang='lat' dir='ltr'><strong>itinere</strong></span> <span class='ocrx_word' id='word_1_403' title='bbox 562 4242 699 4303; x_wconf 86' lang='lat' dir='ltr'><strong>subiturus</strong></span> <span class='ocrx_word' id='word_1_404' title='bbox 725 4250 789 4311; x_wconf 88' lang='lat' dir='ltr'><strong>est,</strong></span> <span class='ocrx_word' id='word_1_405' title='bbox 804 4242 928 4313; x_wconf 73' lang='lat' dir='ltr'><strong>exiguam</strong></span> 
     </span>
     <span class='ocr_line' id='line_1_43' title="bbox 132 4330 928 4401; baseline 0.005 -16"><span class='ocrx_word' id='word_1_406' title='bbox 132 4330 344 4387; x_wconf 80' lang='lat' dir='ltr'><strong>consolationem</strong></span> <span class='ocrx_word' id='word_1_407' title='bbox 369 4330 494 4401; x_wconf 89' lang='lat' dir='ltr'><strong>babebit,</strong></span> <span class='ocrx_word' id='word_1_408' title='bbox 511 4332 534 4389; x_wconf 91' lang='lat' dir='ltr'><strong>si</strong></span> <span class='ocrx_word' id='word_1_409' title='bbox 549 4333 573 4388; x_wconf 93' lang='lat' dir='ltr'><strong>ei</strong></span> <span class='ocrx_word' id='word_1_410' title='bbox 600 4341 644 4390; x_wconf 92' lang='lat' dir='ltr'><strong>tua</strong></span> <span class='ocrx_word' id='word_1_411' title='bbox 668 4334 854 4391; x_wconf 75' lang='lat' dir='ltr'><strong>benevolentia</strong></span> <span class='ocrx_word' id='word_1_412' title='bbox 877 4332 928 4389; x_wconf 87' lang='lat' dir='ltr'><strong>irai</strong></span> 
     </span>
     <span class='ocr_line' id='line_1_44' title="bbox 132 4421 928 4494; baseline 0.006 -18"><span class='ocrx_word' id='word_1_413' title='bbox 132 4421 278 4494; x_wconf 69' lang='lat' dir='ltr'><strong>continuat.</strong></span> <span class='ocrx_word' id='word_1_414' title='bbox 292 4422 359 4479; x_wconf 85' lang='lat' dir='ltr'><strong>Nam</strong></span> <span class='ocrx_word' id='word_1_415' title='bbox 372 4424 442 4494; x_wconf 81' lang='lat' dir='ltr'><strong>quod</strong></span> <span class='ocrx_word' id='word_1_416' title='bbox 456 4424 521 4481; x_wconf 90' lang='lat' dir='ltr'><strong>nibil</strong></span> <span class='ocrx_word' id='word_1_417' title='bbox 534 4427 689 4483; x_wconf 83' lang='lat' dir='ltr'><strong>accessesit</strong></span> <span class='ocrx_word' id='word_1_418' title='bbox 699 4426 837 4483; x_wconf 87' lang='lat' dir='ltr'><strong>admoneri</strong></span> <span class='ocrx_word' id='word_1_419' title='bbox 851 4442 899 4483; x_wconf 89' lang='lat' dir='ltr'><strong>vos</strong></span> <span class='ocrx_word' id='word_1_420' title='bbox 912 4440 928 4481; x_wconf 93' lang='lat' dir='ltr'><strong>a</strong></span> 
     </span>
     <span class='ocr_line' id='line_1_45' title="bbox 133 4514 927 4589; baseline 0.005 -20"><span class='ocrx_word' id='word_1_421' title='bbox 133 4514 233 4586; x_wconf 87' lang='lat' dir='ltr'><strong>nubis,</strong></span> <span class='ocrx_word' id='word_1_422' title='bbox 257 4525 287 4570; x_wconf 89' lang='lat' dir='ltr'><strong>ut</strong></span> <span class='ocrx_word' id='word_1_423' title='bbox 299 4514 333 4572; x_wconf 92' lang='lat' dir='ltr'><strong>ad</strong></span> <span class='ocrx_word' id='word_1_424' title='bbox 345 4515 527 4573; x_wconf 81' lang='lat' dir='ltr'><strong>Ecclesiamm</strong></span> <span class='ocrx_word' id='word_1_425' title='bbox 554 4517 695 4575; x_wconf 89' lang='lat' dir='ltr'><strong>utilitatem</strong></span> <span class='ocrx_word' id='word_1_426' title='bbox 712 4518 927 4589; x_wconf 85' lang='lat' dir='ltr'><strong>promovendam</strong></span> 
     </span>
     <span class='ocr_line' id='line_1_46' title="bbox 133 4608 930 4681; baseline 0.005 -18"><span class='ocrx_word' id='word_1_427' title='bbox 133 4622 269 4664; x_wconf 87' lang='lat' dir='ltr'><strong>sumtuum</strong></span> <span class='ocrx_word' id='word_1_428' title='bbox 292 4608 409 4665; x_wconf 89' lang='lat' dir='ltr'><strong>studium</strong></span> <span class='ocrx_word' id='word_1_429' title='bbox 431 4624 463 4667; x_wconf 86' lang='lat' dir='ltr'><strong>ac</strong></span> <span class='ocrx_word' id='word_1_430' title='bbox 488 4610 653 4681; x_wconf 72' lang='lat' dir='ltr'><strong>diligentiam</strong></span> <span class='ocrx_word' id='word_1_431' title='bbox 675 4612 833 4678; x_wconf 77' lang='lat' dir='ltr'><strong>adhibentis,</strong></span> <span class='ocrx_word' id='word_1_432' title='bbox 847 4612 930 4669; x_wconf 89' lang='lat' dir='ltr'><strong>rebus</strong></span> 
     </span>
     <span class='ocr_line' id='line_1_47' title="bbox 133 4700 446 4775; baseline 0.013 -18"><span class='ocrx_word' id='word_1_433' title='bbox 133 4700 200 4773; x_wconf 88' lang='lat' dir='ltr'><strong>ipsis</strong></span> <span class='ocrx_word' id='word_1_434' title='bbox 213 4704 322 4775; x_wconf 85' lang='lat' dir='ltr'><strong>plaosm</strong></span> <span class='ocrx_word' id='word_1_435' title='bbox 334 4702 446 4762; x_wconf 85' lang='lat' dir='ltr'><strong>iecistIs.</strong></span> 
     </span>
    </p>
   </div>
   <div class='ocr_carea' id='block_1_10' title="bbox 133 4834 930 5011">
    <p class='ocr_par' dir='ltr' id='par_1_12' title="bbox 133 4834 930 5011">
     <span class='ocr_line' id='line_1_48' title="bbox 133 4834 930 4917; baseline 0.013 -26"><span class='ocrx_word' id='word_1_436' title='bbox 133 4834 230 4892; x_wconf 76' lang='lat' dir='ltr'><strong>etti.</strong></span> <span class='ocrx_word' id='word_1_437' title='bbox 246 4836 370 4894; x_wconf 86' lang='lat' dir='ltr'><strong>Iiontnnr&#39;s</strong></span> <span class='ocrx_word' id='word_1_438' title='bbox 383 4839 554 4913; x_wconf 62' lang='lat' dir='ltr'><strong>meuserit,</strong></span> <span class='ocrx_word' id='word_1_439' title='bbox 577 4843 621 4914; x_wconf 72' lang='lat' dir='ltr'><strong>esi</strong></span> <span class='ocrx_word' id='word_1_440' title='bbox 633 4858 692 4897; x_wconf 78' lang='lat' dir='ltr'><strong>curu</strong></span> <span class='ocrx_word' id='word_1_441' title='bbox 715 4845 842 4917; x_wconf 80' lang='lat' dir='ltr'><strong>episcopie</strong></span> <span class='ocrx_word' id='word_1_442' title='bbox 854 4857 930 4901; x_wconf 83' lang='lat' dir='ltr'><strong>serre·</strong></span> 
     </span>
     <span class='ocr_line' id='line_1_49' title="bbox 301 4931 760 5011; baseline 0.02 -24"><span class='ocrx_word' id='word_1_443' title='bbox 301 4942 371 4987; x_wconf 87' lang='lat' dir='ltr'><strong>rant.</strong></span> <span class='ocrx_word' id='word_1_444' title='bbox 383 4931 393 5006; x_wconf 76' lang='lat' dir='ltr'><strong>I</strong></span> <span class='ocrx_word' id='word_1_445' title='bbox 406 4936 494 5010; x_wconf 71' lang='lat' dir='ltr'><strong>Aaron,</strong></span> <span class='ocrx_word' id='word_1_446' title='bbox 509 4942 538 4990; x_wconf 91' lang='lat' dir='ltr'><strong>ul</strong></span> <span class='ocrx_word' id='word_1_447' title='bbox 551 4943 667 5006; x_wconf 88' lang='lat' dir='ltr'><strong>putatur,</strong></span> <span class='ocrx_word' id='word_1_448' title='bbox 677 4935 760 5011; x_wconf 79' lang='lat' dir='ltr'><strong>tus.)</strong></span> 
     </span>
    </p>
   </div>
   <div class='ocr_carea' id='block_1_11' title="bbox 135 5066 931 5339">
    <p class='ocr_par' dir='ltr' id='par_1_13' title="bbox 135 5066 931 5339">
     <span class='ocr_line' id='line_1_50' title="bbox 172 5066 931 5152; baseline 0.021 -33"><span class='ocrx_word' id='word_1_449' title='bbox 172 5066 319 5123; x_wconf 81' lang='lat' dir='ltr'><strong>Plurimum</strong></span> <span class='ocrx_word' id='word_1_450' title='bbox 334 5069 435 5127; x_wconf 84' lang='lat' dir='ltr'><strong>laborIs</strong></span> <span class='ocrx_word' id='word_1_451' title='bbox 450 5088 482 5129; x_wconf 90' lang='lat' dir='ltr'><strong>ac</strong></span> <span class='ocrx_word' id='word_1_452' title='bbox 507 5073 613 5143; x_wconf 87' lang='lat' dir='ltr'><strong>sudoris</strong></span> <span class='ocrx_word' id='word_1_453' title='bbox 637 5076 767 5146; x_wconf 91' lang='lat' dir='ltr'><strong>subiistis,</strong></span> <span class='ocrx_word' id='word_1_454' title='bbox 783 5086 836 5134; x_wconf 76' lang='lat' dir='ltr'><strong>uin</strong></span> <span class='ocrx_word' id='word_1_455' title='bbox 852 5078 931 5152; x_wconf 78' lang='lat' dir='ltr'><strong>longa</strong></span> 
     </span>
     <span class='ocr_line' id='line_1_51' title="bbox 135 5156 931 5246; baseline 0.026 -35"><span class='ocrx_word' id='word_1_456' title='bbox 135 5165 163 5212; x_wconf 91' lang='lat' dir='ltr'><strong>et</strong></span> <span class='ocrx_word' id='word_1_457' title='bbox 176 5156 279 5213; x_wconf 92' lang='lat' dir='ltr'><strong>marina</strong></span> <span class='ocrx_word' id='word_1_458' title='bbox 301 5162 645 5239; x_wconf 69' lang='lat' dir='ltr'><strong>peregrinationesnscepta</strong></span> <span class='ocrx_word' id='word_1_459' title='bbox 663 5188 670 5225; x_wconf 94' lang='lat'><strong>:</strong></span> <span class='ocrx_word' id='word_1_460' title='bbox 685 5184 778 5227; x_wconf 81' lang='lat' dir='ltr'><strong>vertam</strong></span> <span class='ocrx_word' id='word_1_461' title='bbox 805 5187 857 5229; x_wconf 88' lang='lat' dir='ltr'><strong>rton</strong></span> <span class='ocrx_word' id='word_1_462' title='bbox 881 5189 931 5246; x_wconf 87' lang='lat' dir='ltr'><strong>pro</strong></span> 
     </span>
     <span class='ocr_line' id='line_1_52' title="bbox 136 5250 931 5339; baseline 0.025 -34"><span class='ocrx_word' id='word_1_463' title='bbox 136 5250 245 5307; x_wconf 89' lang='lat' dir='ltr'><strong>caducIs</strong></span> <span class='ocrx_word' id='word_1_464' title='bbox 266 5266 299 5308; x_wconf 90' lang='lat' dir='ltr'><strong>ac</strong></span> <span class='ocrx_word' id='word_1_465' title='bbox 314 5251 452 5323; x_wconf 76' lang='lat' dir='ltr'><strong>tragilibus</strong></span> <span class='ocrx_word' id='word_1_466' title='bbox 475 5254 588 5329; x_wconf 84' lang='lat' dir='ltr'><strong>hujusce</strong></span> <span class='ocrx_word' id='word_1_467' title='bbox 611 5264 673 5318; x_wconf 78' lang='lat' dir='ltr'><strong>vita</strong></span> <span class='ocrx_word' id='word_1_468' title='bbox 698 5266 794 5332; x_wconf 85' lang='lat' dir='ltr'><strong>rebus,</strong></span> <span class='ocrx_word' id='word_1_469' title='bbox 810 5266 857 5323; x_wconf 92' lang='lat' dir='ltr'><strong>sed</strong></span> <span class='ocrx_word' id='word_1_470' title='bbox 882 5284 931 5339; x_wconf 90' lang='lat' dir='ltr'><strong>pro</strong></span> 
     </span>
    </p>
   </div>
   <div class='ocr_carea' id='block_1_12' title="bbox 980 1654 1777 1736">
    <p class='ocr_par' dir='ltr' id='par_1_14' title="bbox 980 1654 1777 1736">
     <span class='ocr_line' id='line_1_53' title="bbox 980 1654 1777 1736; baseline 0.029 -33"><span class='ocrx_word' id='word_1_471' title='bbox 980 1662 1045 1705; x_wconf 87' lang='lat' dir='ltr'><strong>num</strong></span> <span class='ocrx_word' id='word_1_472' title='bbox 1067 1662 1156 1708; x_wconf 91' lang='lat' dir='ltr'><strong>roeurn</strong></span> <span class='ocrx_word' id='word_1_473' title='bbox 1173 1654 1358 1729; x_wconf 81' lang='lat' dir='ltr'><strong>presbyterum</strong></span> <span class='ocrx_word' id='word_1_474' title='bbox 1374 1674 1407 1715; x_wconf 89' lang='lat' dir='ltr'><strong>eo</strong></span> <span class='ocrx_word' id='word_1_475' title='bbox 1422 1660 1468 1717; x_wconf 87' lang='lat' dir='ltr'><strong>abi</strong></span> <span class='ocrx_word' id='word_1_476' title='bbox 1485 1658 1581 1735; x_wconf 74' lang='lat' dir='ltr'><strong>degitis</strong></span> <span class='ocrx_word' id='word_1_477' title='bbox 1604 1666 1777 1736; x_wconf 83' lang='lat' dir='ltr'><strong>proiciscen·</strong></span> 
     </span>
    </p>
   </div>
   <div class='ocr_carea' id='block_1_13' title="bbox 974 1738 1877 1833">
    <p class='ocr_par' dir='ltr' id='par_1_15' title="bbox 974 1738 1877 1833">
     <span class='ocr_line' id='line_1_54' title="bbox 974 1738 1877 1833; baseline 0.028 -37"><span class='ocrx_word' id='word_1_478' title='bbox 974 1747 1035 1797; x_wconf 75' lang='grc' dir='ltr'>ιιιιιι</span> <span class='ocrx_word' id='word_1_479' title='bbox 1050 1744 1119 1800; x_wconf 89' lang='lat' dir='ltr'><strong>nacti</strong></span> <span class='ocrx_word' id='word_1_480' title='bbox 1134 1758 1238 1814; x_wconf 85' lang='lat' dir='ltr'><strong>strutus,</strong></span> <span class='ocrx_word' id='word_1_481' title='bbox 1266 1757 1320 1805; x_wconf 88' lang='lat' dir='ltr'><strong>turn</strong></span> <span class='ocrx_word' id='word_1_482' title='bbox 1347 1766 1418 1821; x_wconf 89' lang='lat' dir='ltr'><strong>eam,</strong></span> <span class='ocrx_word' id='word_1_483' title='bbox 1443 1768 1522 1825; x_wconf 81' lang='lat' dir='ltr'><strong>quant</strong></span> <span class='ocrx_word' id='word_1_484' title='bbox 1538 1756 1614 1814; x_wconf 82' lang='lat' dir='ltr'><strong>vobis</strong></span> <span class='ocrx_word' id='word_1_485' title='bbox 1626 1756 1775 1833; x_wconf 90' lang='lat' dir='ltr'><strong>debemus,</strong></span> <span class='ocrx_word' id='word_1_486' title='bbox 1851 1738 1877 1773; x_wconf 23' lang='grc' dir='ltr'>ἰ</span> 
     </span>
    </p>
   </div>
   <div class='ocr_carea' id='block_1_14' title="bbox 978 1831 1778 2280">
    <p class='ocr_par' dir='ltr' id='par_1_16' title="bbox 978 1831 1778 2280">
     <span class='ocr_line' id='line_1_55' title="bbox 979 1831 1775 1917; baseline 0.031 -31"><span class='ocrx_word' id='word_1_487' title='bbox 979 1831 1169 1891; x_wconf 86' lang='lat' dir='ltr'><strong>salutationem</strong></span> <span class='ocrx_word' id='word_1_488' title='bbox 1192 1839 1383 1908; x_wconf 82' lang='lat' dir='ltr'><strong>persolvimus,</strong></span> <span class='ocrx_word' id='word_1_489' title='bbox 1401 1848 1456 1898; x_wconf 92' lang='lat' dir='ltr'><strong>tum</strong></span> <span class='ocrx_word' id='word_1_490' title='bbox 1481 1860 1529 1901; x_wconf 90' lang='lat' dir='ltr'><strong>vos</strong></span> <span class='ocrx_word' id='word_1_491' title='bbox 1547 1835 1667 1917; x_wconf 83' lang='lat' dir='ltr'><strong>oramus,</strong></span> <span class='ocrx_word' id='word_1_492' title='bbox 1692 1859 1722 1907; x_wconf 90' lang='lat' dir='ltr'><strong>ut</strong></span> <span class='ocrx_word' id='word_1_493' title='bbox 1743 1866 1775 1913; x_wconf 81' lang='lat' dir='ltr'><strong>ea</strong></span> 
     </span>
     <span class='ocr_line' id='line_1_56' title="bbox 978 1926 1775 2014; baseline 0.026 -33"><span class='ocrx_word' id='word_1_494' title='bbox 978 1926 1114 1996; x_wconf 70' lang='lat' dir='ltr'><strong>mutate,</strong></span> <span class='ocrx_word' id='word_1_495' title='bbox 1143 1944 1203 2001; x_wconf 77' lang='lat' dir='ltr'><strong>quine</strong></span> <span class='ocrx_word' id='word_1_496' title='bbox 1224 1932 1299 1989; x_wconf 84' lang='lat' dir='ltr'><strong>robis</strong></span> <span class='ocrx_word' id='word_1_497' title='bbox 1325 1932 1406 2005; x_wconf 68' lang='lat' dir='ltr'><strong>digna</strong></span> <span class='ocrx_word' id='word_1_498' title='bbox 1420 1943 1480 2003; x_wconf 88' lang='lat' dir='ltr'><strong>est,</strong></span> <span class='ocrx_word' id='word_1_499' title='bbox 1507 1939 1593 2010; x_wconf 87' lang='lat' dir='ltr'><strong>ipsum</strong></span> <span class='ocrx_word' id='word_1_500' title='bbox 1617 1942 1775 2014; x_wconf 85' lang='lat' dir='ltr'><strong>excipiatis:</strong></span> 
     </span>
     <span class='ocr_line' id='line_1_57' title="bbox 978 2026 1777 2107; baseline 0.025 -34"><span class='ocrx_word' id='word_1_501' title='bbox 978 2028 1095 2088; x_wconf 85' lang='lat' dir='ltr'><strong>cumque</strong></span> <span class='ocrx_word' id='word_1_502' title='bbox 1106 2029 1266 2088; x_wconf 89' lang='lat' dir='ltr'><strong>revertetur,</strong></span> <span class='ocrx_word' id='word_1_503' title='bbox 1280 2026 1314 2080; x_wconf 89' lang='lat' dir='ltr'><strong>de</strong></span> <span class='ocrx_word' id='word_1_504' title='bbox 1330 2038 1417 2082; x_wconf 87' lang='lat' dir='ltr'><strong>vestra</strong></span> <span class='ocrx_word' id='word_1_505' title='bbox 1427 2029 1590 2101; x_wconf 88' lang='lat' dir='ltr'><strong>valetudine,</strong></span> <span class='ocrx_word' id='word_1_506' title='bbox 1603 2032 1638 2090; x_wconf 92' lang='lat' dir='ltr'><strong>de</strong></span> <span class='ocrx_word' id='word_1_507' title='bbox 1649 2048 1700 2107; x_wconf 87' lang='lat' dir='ltr'><strong>qua</strong></span> <span class='ocrx_word' id='word_1_508' title='bbox 1725 2036 1777 2093; x_wconf 90' lang='lat' dir='ltr'><strong>aii-</strong></span> 
     </span>
     <span class='ocr_line' id='line_1_58' title="bbox 978 2106 1778 2189; baseline 0.033 -30"><span class='ocrx_word' id='word_1_509' title='bbox 978 2106 1043 2177; x_wconf 81' lang='lat' dir='ltr'><strong>quid</strong></span> <span class='ocrx_word' id='word_1_510' title='bbox 1059 2109 1211 2182; x_wconf 78' lang='lat' dir='ltr'><strong>intelligere</strong></span> <span class='ocrx_word' id='word_1_511' title='bbox 1226 2116 1398 2187; x_wconf 83' lang='lat' dir='ltr'><strong>summopere</strong></span> <span class='ocrx_word' id='word_1_512' title='bbox 1418 2120 1562 2189; x_wconf 85' lang='lat' dir='ltr'><strong>cupimus,</strong></span> <span class='ocrx_word' id='word_1_513' title='bbox 1584 2124 1714 2183; x_wconf 88' lang='lat' dir='ltr'><strong>certiores</strong></span> <span class='ocrx_word' id='word_1_514' title='bbox 1727 2142 1778 2187; x_wconf 91' lang='lat' dir='ltr'><strong>uos</strong></span> 
     </span>
     <span class='ocr_line' id='line_1_59' title="bbox 978 2195 1778 2280; baseline 0.031 -28"><span class='ocrx_word' id='word_1_515' title='bbox 978 2195 1093 2255; x_wconf 82' lang='lat' dir='ltr'><strong>Iactatis.</strong></span> <span class='ocrx_word' id='word_1_516' title='bbox 1108 2200 1144 2259; x_wconf 90' lang='lat' dir='ltr'><strong>llt</strong></span> <span class='ocrx_word' id='word_1_517' title='bbox 1153 2210 1243 2260; x_wconf 88' lang='lat' dir='ltr'><strong>autern</strong></span> <span class='ocrx_word' id='word_1_518' title='bbox 1256 2218 1326 2271; x_wconf 89' lang='lat' dir='ltr'><strong>earn,</strong></span> <span class='ocrx_word' id='word_1_519' title='bbox 1342 2220 1421 2280; x_wconf 81' lang='lat' dir='ltr'><strong>quant</strong></span> <span class='ocrx_word' id='word_1_520' title='bbox 1434 2213 1561 2269; x_wconf 88' lang='lat' dir='ltr'><strong>convenit</strong></span> <span class='ocrx_word' id='word_1_521' title='bbox 1573 2213 1730 2275; x_wconf 89' lang='lat' dir='ltr'><strong>industriam</strong></span> <span class='ocrx_word' id='word_1_522' title='bbox 1745 2232 1778 2278; x_wconf 93' lang='lat' dir='ltr'><strong>ac</strong></span> 
     </span>
    </p>
   </div>
   <div class='ocr_carea' id='block_1_15' title="bbox 979 2289 1778 2469">
    <p class='ocr_par' dir='ltr' id='par_1_17' title="bbox 979 2289 1778 2469">
     <span class='ocr_line' id='line_1_60' title="bbox 980 2289 1778 2378; baseline 0.031 -33"><span class='ocrx_word' id='word_1_523' title='bbox 980 2289 1145 2365; x_wconf 68' lang='lat' dir='ltr'><strong>diligentiam</strong></span> <span class='ocrx_word' id='word_1_524' title='bbox 1167 2296 1200 2352; x_wconf 95' lang='lat' dir='ltr'><strong>ad</strong></span> <span class='ocrx_word' id='word_1_525' title='bbox 1213 2314 1271 2355; x_wconf 88' lang='lat' dir='ltr'><strong>eam</strong></span> <span class='ocrx_word' id='word_1_526' title='bbox 1293 2316 1360 2367; x_wconf 88' lang='lat' dir='ltr'><strong>rem,</strong></span> <span class='ocrx_word' id='word_1_527' title='bbox 1374 2302 1409 2359; x_wconf 93' lang='lat' dir='ltr'><strong>ob</strong></span> <span class='ocrx_word' id='word_1_528' title='bbox 1421 2320 1500 2377; x_wconf 75' lang='lat' dir='ltr'><strong>apuam</strong></span> <span class='ocrx_word' id='word_1_529' title='bbox 1514 2309 1635 2378; x_wconf 85' lang='lat' dir='ltr'><strong>venistis,</strong></span> <span class='ocrx_word' id='word_1_530' title='bbox 1650 2311 1778 2371; x_wconf 86' lang='lat' dir='ltr'><strong>adhibea-</strong></span> 
     </span>
     <span class='ocr_line' id='line_1_61' title="bbox 979 2384 1776 2469; baseline 0.031 -30"><span class='ocrx_word' id='word_1_531' title='bbox 979 2384 1024 2449; x_wconf 88' lang='lat' dir='ltr'><strong>tis,</strong></span> <span class='ocrx_word' id='word_1_532' title='bbox 1042 2386 1140 2443; x_wconf 92' lang='lat' dir='ltr'><strong>uuliius</strong></span> <span class='ocrx_word' id='word_1_533' title='bbox 1153 2390 1352 2449; x_wconf 84' lang='lat' dir='ltr'><strong>submonitione</strong></span> <span class='ocrx_word' id='word_1_534' title='bbox 1366 2396 1443 2452; x_wconf 80' lang='lat' dir='ltr'><strong>tobis</strong></span> <span class='ocrx_word' id='word_1_535' title='bbox 1466 2414 1534 2469; x_wconf 91' lang='lat' dir='ltr'><strong>opus</strong></span> <span class='ocrx_word' id='word_1_536' title='bbox 1556 2418 1616 2459; x_wconf 89' lang='lat' dir='ltr'><strong>esse</strong></span> <span class='ocrx_word' id='word_1_537' title='bbox 1630 2405 1754 2463; x_wconf 80' lang='lat' dir='ltr'><strong>existimo</strong></span> <span class='ocrx_word' id='word_1_538' title='bbox 1768 2423 1776 2463; x_wconf 86' lang='lat' dir='ltr'><strong>a</strong></span> 
     </span>
    </p>
   </div>
   <div class='ocr_carea' id='block_1_16' title="bbox 979 2475 1777 2643">
    <p class='ocr_par' dir='ltr' id='par_1_18' title="bbox 979 2475 1777 2643">
     <span class='ocr_line' id='line_1_62' title="bbox 980 2475 1777 2574; baseline 0.029 -43"><span class='ocrx_word' id='word_1_539' title='bbox 980 2475 1060 2547; x_wconf 84' lang='lat' dir='ltr'><strong>idque</strong></span> <span class='ocrx_word' id='word_1_540' title='bbox 1073 2492 1121 2549; x_wconf 91' lang='lat' dir='ltr'><strong>per</strong></span> <span class='ocrx_word' id='word_1_541' title='bbox 1133 2480 1159 2536; x_wconf 91' lang='lat' dir='ltr'><strong>id</strong></span> <span class='ocrx_word' id='word_1_542' title='bbox 1175 2482 1303 2554; x_wconf 84' lang='lat' dir='ltr'><strong>studiant,</strong></span> <span class='ocrx_word' id='word_1_543' title='bbox 1318 2486 1390 2557; x_wconf 88' lang='lat' dir='ltr'><strong>quod</strong></span> <span class='ocrx_word' id='word_1_544' title='bbox 1405 2495 1534 2574; x_wconf 85' lang='lat' dir='ltr'><strong>perpetuo</strong></span> <span class='ocrx_word' id='word_1_545' title='bbox 1547 2506 1603 2565; x_wconf 85' lang='lat' dir='ltr'><strong>prae</strong></span> <span class='ocrx_word' id='word_1_546' title='bbox 1616 2496 1692 2554; x_wconf 85' lang='lat' dir='ltr'><strong>robis</strong></span> <span class='ocrx_word' id='word_1_547' title='bbox 1713 2498 1777 2555; x_wconf 90' lang='lat' dir='ltr'><strong>tuli·</strong></span> 
     </span>
     <span class='ocr_line' id='line_1_63' title="bbox 979 2568 1373 2643; baseline 0.025 -20"><span class='ocrx_word' id='word_1_548' title='bbox 979 2568 1038 2637; x_wconf 90' lang='lat' dir='ltr'><strong>atis,</strong></span> <span class='ocrx_word' id='word_1_549' title='bbox 1055 2573 1195 2643; x_wconf 85' lang='lat' dir='ltr'><strong>perspicue</strong></span> <span class='ocrx_word' id='word_1_550' title='bbox 1207 2575 1373 2633; x_wconf 75' lang='lat' dir='ltr'><strong>declarastis.</strong></span> 
     </span>
    </p>
   </div>
   <div class='ocr_carea' id='block_1_17' title="bbox 980 2679 1778 2859">
    <p class='ocr_par' dir='ltr' id='par_1_19' title="bbox 980 2679 1778 2859">
     <span class='ocr_line' id='line_1_64' title="bbox 980 2679 1778 2777; baseline 0.029 -37"><span class='ocrx_word' id='word_1_551' title='bbox 980 2679 1094 2742; x_wconf 76' lang='lat' dir='ltr'><strong>coxit.</strong></span> <span class='ocrx_word' id='word_1_552' title='bbox 1110 2688 1206 2763; x_wconf 80' lang='lat' dir='ltr'><strong>Inpaio</strong></span> <span class='ocrx_word' id='word_1_553' title='bbox 1232 2688 1451 2751; x_wconf 83' lang='lat' dir='ltr'><strong>Tlressnlouicenst&#39;</strong></span> <span class='ocrx_word' id='word_1_554' title='bbox 1471 2699 1599 2773; x_wconf 83' lang='lat' dir='ltr'><strong>episcopo.</strong></span> <span class='ocrx_word' id='word_1_555' title='bbox 1622 2700 1727 2777; x_wconf 77' lang='lat' dir='ltr'><strong>(Anno</strong></span> <span class='ocrx_word' id='word_1_556' title='bbox 1748 2713 1778 2763; x_wconf 87' lang='lat' dir='ltr'><strong>ut</strong></span> 
     </span>
     <span class='ocr_line' id='line_1_65' title="bbox 1145 2785 1480 2859; baseline 0.036 -25"><span class='ocrx_word' id='word_1_557' title='bbox 1145 2794 1146 2797; x_wconf 69' lang='grc'>’</span> <span class='ocrx_word' id='word_1_558' title='bbox 1276 2791 1384 2855; x_wconf 83' lang='lat' dir='ltr'><strong>palatuar</strong></span> <span class='ocrx_word' id='word_1_559' title='bbox 1402 2785 1480 2859; x_wconf 81' lang='lat' dir='ltr'><strong>tud.)</strong></span> 
     </span>
    </p>
   </div>
   <div class='ocr_carea' id='block_1_18' title="bbox 978 2893 1827 3627">
    <p class='ocr_par' dir='ltr' id='par_1_20' title="bbox 978 2893 1827 3627">
     <span class='ocr_line' id='line_1_66' title="bbox 1016 2893 1778 2979; baseline 0.021 -28"><span class='ocrx_word' id='word_1_560' title='bbox 1016 2893 1203 2967; x_wconf 84' lang='lat' dir='ltr'><strong>Scroquidern</strong></span> <span class='ocrx_word' id='word_1_561' title='bbox 1223 2900 1346 2956; x_wconf 85' lang='lat' dir='ltr'><strong>actarde</strong></span> <span class='ocrx_word' id='word_1_562' title='bbox 1372 2901 1405 2957; x_wconf 89' lang='lat' dir='ltr'><strong>ad</strong></span> <span class='ocrx_word' id='word_1_563' title='bbox 1430 2910 1455 2959; x_wconf 92' lang='lat' dir='ltr'><strong>te</strong></span> <span class='ocrx_word' id='word_1_564' title='bbox 1479 2904 1638 2977; x_wconf 83' lang='lat' dir='ltr'><strong>scripsimus</strong></span> <span class='ocrx_word' id='word_1_565' title='bbox 1653 2916 1700 2967; x_wconf 86' lang='lat' dir='ltr'><strong>:at</strong></span> <span class='ocrx_word' id='word_1_566' title='bbox 1722 2924 1778 2979; x_wconf 74' lang='lat' dir='ltr'><strong>non</strong></span> 
     </span>
     <span class='ocr_line' id='line_1_67' title="bbox 980 2989 1778 3072; baseline 0.023 -31"><span class='ocrx_word' id='word_1_567' title='bbox 980 2996 1078 3059; x_wconf 79' lang='lat' dir='ltr'><strong>sponde</strong></span> <span class='ocrx_word' id='word_1_568' title='bbox 1091 3002 1182 3045; x_wconf 90' lang='lat' dir='ltr'><strong>nostra</strong></span> <span class='ocrx_word' id='word_1_569' title='bbox 1205 2989 1332 3049; x_wconf 85' lang='lat' dir='ltr'><strong>diuturna</strong></span> <span class='ocrx_word' id='word_1_570' title='bbox 1346 2992 1399 3050; x_wconf 91' lang='lat' dir='ltr'><strong>boc</strong></span> <span class='ocrx_word' id='word_1_571' title='bbox 1416 2995 1525 3054; x_wconf 87' lang='lat' dir='ltr'><strong>silentio</strong></span> <span class='ocrx_word' id='word_1_572' title='bbox 1549 3000 1590 3055; x_wconf 88' lang='lat' dir='ltr'><strong>usi</strong></span> <span class='ocrx_word' id='word_1_573' title='bbox 1603 3014 1707 3072; x_wconf 82' lang='lat' dir='ltr'><strong>sunaus,</strong></span> <span class='ocrx_word' id='word_1_574' title='bbox 1731 3018 1778 3062; x_wconf 86' lang='lat' dir='ltr'><strong>te·</strong></span> 
     </span>
     <span class='ocr_line' id='line_1_68' title="bbox 980 3080 1777 3162; baseline 0.019 -25"><span class='ocrx_word' id='word_1_575' title='bbox 980 3095 1039 3137; x_wconf 82' lang='lat' dir='ltr'><strong>rum</strong></span> <span class='ocrx_word' id='word_1_576' title='bbox 1051 3080 1087 3137; x_wconf 93' lang='lat' dir='ltr'><strong>ob</strong></span> <span class='ocrx_word' id='word_1_577' title='bbox 1102 3082 1171 3151; x_wconf 89' lang='lat' dir='ltr'><strong>loci,</strong></span> <span class='ocrx_word' id='word_1_578' title='bbox 1192 3098 1246 3155; x_wconf 86' lang='lat' dir='ltr'><strong>quo</strong></span> <span class='ocrx_word' id='word_1_579' title='bbox 1260 3084 1355 3141; x_wconf 89' lang='lat' dir='ltr'><strong>inclusi</strong></span> <span class='ocrx_word' id='word_1_580' title='bbox 1369 3094 1503 3156; x_wconf 88' lang='lat' dir='ltr'><strong>tenemur,</strong></span> <span class='ocrx_word' id='word_1_581' title='bbox 1520 3088 1704 3162; x_wconf 88' lang='lat' dir='ltr'><strong>solitudinem,</strong></span> <span class='ocrx_word' id='word_1_582' title='bbox 1720 3108 1777 3152; x_wconf 85' lang='lat' dir='ltr'><strong>nea</strong></span> 
     </span>
     <span class='ocr_line' id='line_1_69' title="bbox 979 3174 1777 3257; baseline 0.015 -28"><span class='ocrx_word' id='word_1_583' title='bbox 979 3182 1069 3229; x_wconf 79' lang='lat' dir='ltr'><strong>atatem</strong></span> <span class='ocrx_word' id='word_1_584' title='bbox 1091 3174 1127 3231; x_wconf 94' lang='lat' dir='ltr'><strong>ob</strong></span> <span class='ocrx_word' id='word_1_585' title='bbox 1149 3176 1298 3233; x_wconf 87' lang='lat' dir='ltr'><strong>socordiam</strong></span> <span class='ocrx_word' id='word_1_586' title='bbox 1320 3178 1346 3233; x_wconf 90' lang='lat' dir='ltr'><strong>iu</strong></span> <span class='ocrx_word' id='word_1_587' title='bbox 1369 3188 1394 3234; x_wconf 90' lang='lat' dir='ltr'><strong>te</strong></span> <span class='ocrx_word' id='word_1_588' title='bbox 1420 3180 1501 3237; x_wconf 85' lang='lat' dir='ltr'><strong>ullam</strong></span> <span class='ocrx_word' id='word_1_589' title='bbox 1527 3197 1560 3240; x_wconf 84' lang='lat' dir='ltr'><strong>ac</strong></span> <span class='ocrx_word' id='word_1_590' title='bbox 1579 3184 1777 3257; x_wconf 70' lang='lat' dir='ltr'><strong>negligentiam.</strong></span> 
     </span>
     <span class='ocr_line' id='line_1_70' title="bbox 979 3260 1778 3347; baseline 0.023 -30"><span class='ocrx_word' id='word_1_591' title='bbox 979 3260 1056 3319; x_wconf 84' lang='lat' dir='ltr'><strong>Narro</strong></span> <span class='ocrx_word' id='word_1_592' title='bbox 1081 3266 1181 3339; x_wconf 80' lang='lat' dir='ltr'><strong>quiippe</strong></span> <span class='ocrx_word' id='word_1_593' title='bbox 1211 3268 1464 3327; x_wconf 82' lang='lat' dir='ltr'><strong>reverendissimum</strong></span> <span class='ocrx_word' id='word_1_594' title='bbox 1491 3286 1523 3327; x_wconf 92' lang='lat' dir='ltr'><strong>ac</strong></span> <span class='ocrx_word' id='word_1_595' title='bbox 1546 3274 1778 3347; x_wconf 75' lang='lat' dir='ltr'><strong>religiosissimum</strong></span> 
     </span>
     <span class='ocr_line' id='line_1_71' title="bbox 979 3351 1778 3443; baseline 0.024 -33"><span class='ocrx_word' id='word_1_596' title='bbox 979 3351 1118 3413; x_wconf 88' lang='lat' dir='ltr'><strong>domiuum</strong></span> <span class='ocrx_word' id='word_1_597' title='bbox 1128 3374 1220 3415; x_wconf 83' lang='lat' dir='ltr'><strong>aueum</strong></span> <span class='ocrx_word' id='word_1_598' title='bbox 1233 3360 1420 3433; x_wconf 83' lang='lat' dir='ltr'><strong>presbyterum</strong></span> <span class='ocrx_word' id='word_1_599' title='bbox 1433 3364 1515 3428; x_wconf 88' lang='lat' dir='ltr'><strong>nacti,</strong></span> <span class='ocrx_word' id='word_1_600' title='bbox 1527 3354 1606 3439; x_wconf 78' lang='lat' dir='ltr'><strong>¹quatu</strong></span> <span class='ocrx_word' id='word_1_601' title='bbox 1615 3366 1778 3443; x_wconf 72' lang='lat' dir='ltr'><strong>iampridem</strong></span> 
     </span>
     <span class='ocr_line' id='line_1_72' title="bbox 978 3441 1794 3535; baseline 0.02 -33"><span class='ocrx_word' id='word_1_602' title='bbox 978 3441 1110 3504; x_wconf 85' lang='lat' dir='ltr'><strong>debemus</strong></span> <span class='ocrx_word' id='word_1_603' title='bbox 1124 3447 1313 3507; x_wconf 86' lang='lat' dir='ltr'><strong>salutationem</strong></span> <span class='ocrx_word' id='word_1_604' title='bbox 1329 3452 1376 3509; x_wconf 91' lang='lat' dir='ltr'><strong>tibi</strong></span> <span class='ocrx_word' id='word_1_605' title='bbox 1389 3455 1568 3525; x_wconf 82' lang='lat' dir='ltr'><strong>persolvimus</strong></span> <span class='ocrx_word' id='word_1_606' title='bbox 1579 3498 1588 3529; x_wconf 89' lang='lat'><strong>,</strong></span> <span class='ocrx_word' id='word_1_607' title='bbox 1601 3457 1794 3535; x_wconf 44' lang='lat' dir='ltr'><strong>irruentesque,</strong></span> 
     </span>
     <span class='ocr_line' id='line_1_73' title="bbox 978 3542 1827 3627; baseline 0.024 -33"><span class='ocrx_word' id='word_1_608' title='bbox 978 3554 1028 3613; x_wconf 84' lang='lat' dir='ltr'><strong>pro</strong></span> <span class='ocrx_word' id='word_1_609' title='bbox 1038 3555 1069 3595; x_wconf 87' lang='lat' dir='ltr'><strong>ca</strong></span> <span class='ocrx_word' id='word_1_610' title='bbox 1084 3542 1258 3599; x_wconf 87' lang='lat' dir='ltr'><strong>contentione</strong></span> <span class='ocrx_word' id='word_1_611' title='bbox 1272 3557 1304 3599; x_wconf 87' lang='lat' dir='ltr'><strong>ac</strong></span> <span class='ocrx_word' id='word_1_612' title='bbox 1317 3542 1484 3613; x_wconf 89' lang='lat' dir='ltr'><strong>iortitudiue,</strong></span> <span class='ocrx_word' id='word_1_613' title='bbox 1499 3561 1580 3619; x_wconf 77' lang='lat' dir='ltr'><strong>uuam</strong></span> <span class='ocrx_word' id='word_1_614' title='bbox 1595 3548 1778 3612; x_wconf 71' lang='lat' dir='ltr'><strong>scelestarum</strong></span> <span class='ocrx_word' id='word_1_615' title='bbox 1824 3622 1827 3627; x_wconf 52' lang='grc'>,</span> 
     </span>
    </p>
   </div>
   <div class='ocr_carea' id='block_1_19' title="bbox 978 3635 1886 3720">
    <p class='ocr_par' dir='ltr' id='par_1_21' title="bbox 978 3635 1886 3720">
     <span class='ocr_line' id='line_1_74' title="bbox 978 3635 1886 3720; baseline 0.026 -33"><span class='ocrx_word' id='word_1_616' title='bbox 978 3648 1059 3694; x_wconf 89' lang='lat' dir='ltr'><strong>causa</strong></span> <span class='ocrx_word' id='word_1_617' title='bbox 1076 3635 1246 3707; x_wconf 75' lang='lat' dir='ltr'><strong>prestitisti,</strong></span> <span class='ocrx_word' id='word_1_618' title='bbox 1269 3638 1368 3708; x_wconf 75' lang='lat' dir='ltr'><strong>gratias</strong></span> <span class='ocrx_word' id='word_1_619' title='bbox 1389 3640 1502 3712; x_wconf 71' lang='lat' dir='ltr'><strong>aginus.</strong></span> <span class='ocrx_word' id='word_1_620' title='bbox 1524 3642 1591 3701; x_wconf 87' lang='lat' dir='ltr'><strong>Cum</strong></span> <span class='ocrx_word' id='word_1_621' title='bbox 1612 3645 1777 3720; x_wconf 67' lang='lat' dir='ltr'><strong>igumenon,</strong></span> <span class='ocrx_word' id='word_1_622' title='bbox 1882 3650 1886 3657; x_wconf 84' lang='lat'>&#39;</span> 
     </span>
    </p>
   </div>
   <div class='ocr_carea' id='block_1_20' title="bbox 979 3726 1779 4359">
    <p class='ocr_par' dir='ltr' id='par_1_22' title="bbox 979 3726 1779 4359">
     <span class='ocr_line' id='line_1_75' title="bbox 979 3726 1775 3811; baseline 0.02 -30"><span class='ocrx_word' id='word_1_623' title='bbox 979 3726 1205 3783; x_wconf 83' lang='lat' dir='ltr'><strong>reverendissime</strong></span> <span class='ocrx_word' id='word_1_624' title='bbox 1217 3728 1254 3783; x_wconf 91' lang='lat' dir='ltr'><strong>mi</strong></span> <span class='ocrx_word' id='word_1_625' title='bbox 1265 3727 1383 3797; x_wconf 88' lang='lat' dir='ltr'><strong>domine,</strong></span> <span class='ocrx_word' id='word_1_626' title='bbox 1402 3740 1431 3787; x_wconf 90' lang='lat' dir='ltr'><strong>ut</strong></span> <span class='ocrx_word' id='word_1_627' title='bbox 1442 3731 1595 3793; x_wconf 86' lang='lat' dir='ltr'><strong>laumauitas</strong></span> <span class='ocrx_word' id='word_1_628' title='bbox 1609 3746 1652 3793; x_wconf 91' lang='lat' dir='ltr'><strong>tua</strong></span> <span class='ocrx_word' id='word_1_629' title='bbox 1666 3740 1775 3811; x_wconf 86' lang='lat' dir='ltr'><strong>poscit,</strong></span> 
     </span>
     <span class='ocr_line' id='line_1_76' title="bbox 979 3816 1779 3895; baseline 0.029 -24"><span class='ocrx_word' id='word_1_630' title='bbox 979 3816 1137 3887; x_wconf 83' lang='lat' dir='ltr'><strong>exceperis,</strong></span> <span class='ocrx_word' id='word_1_631' title='bbox 1163 3833 1295 3889; x_wconf 84' lang='lat' dir='ltr'><strong>eantque,</strong></span> <span class='ocrx_word' id='word_1_632' title='bbox 1320 3835 1400 3891; x_wconf 85' lang='lat' dir='ltr'><strong>quam</strong></span> <span class='ocrx_word' id='word_1_633' title='bbox 1421 3824 1561 3895; x_wconf 88' lang='lat' dir='ltr'><strong>convenit,</strong></span> <span class='ocrx_word' id='word_1_634' title='bbox 1577 3829 1731 3889; x_wconf 83' lang='lat' dir='ltr'><strong>contutant</strong></span> <span class='ocrx_word' id='word_1_635' title='bbox 1748 3840 1779 3893; x_wconf 76' lang='lat' dir='ltr'><strong>ci</strong></span> 
     </span>
     <span class='ocr_line' id='line_1_77' title="bbox 979 3899 1777 3984; baseline 0.028 -25"><span class='ocrx_word' id='word_1_636' title='bbox 979 3899 1174 3975; x_wconf 72' lang='lat' dir='ltr'><strong>humanitatem</strong></span> <span class='ocrx_word' id='word_1_637' title='bbox 1201 3924 1264 3981; x_wconf 75' lang='lat' dir='ltr'><strong>erga</strong></span> <span class='ocrx_word' id='word_1_638' title='bbox 1291 3924 1351 3967; x_wconf 87' lang='lat' dir='ltr'><strong>eum</strong></span> <span class='ocrx_word' id='word_1_639' title='bbox 1377 3913 1549 3983; x_wconf 86' lang='lat' dir='ltr'><strong>ostenderis,</strong></span> <span class='ocrx_word' id='word_1_640' title='bbox 1573 3933 1609 3975; x_wconf 88' lang='lat' dir='ltr'><strong>ne</strong></span> <span class='ocrx_word' id='word_1_641' title='bbox 1634 3918 1727 3983; x_wconf 85' lang='lat' dir='ltr'><strong>labore</strong></span> <span class='ocrx_word' id='word_1_642' title='bbox 1749 3933 1777 3984; x_wconf 87' lang='lat' dir='ltr'><strong>ta</strong></span> 
     </span>
     <span class='ocr_line' id='line_1_78' title="bbox 979 3998 1777 4087; baseline 0.025 -32"><span class='ocrx_word' id='word_1_643' title='bbox 979 3998 1066 4072; x_wconf 73' lang='lat' dir='ltr'><strong>Irangi</strong></span> <span class='ocrx_word' id='word_1_644' title='bbox 1081 4016 1112 4057; x_wconf 93' lang='lat' dir='ltr'><strong>ac</strong></span> <span class='ocrx_word' id='word_1_645' title='bbox 1123 4001 1257 4059; x_wconf 88' lang='lat' dir='ltr'><strong>debilitari</strong></span> <span class='ocrx_word' id='word_1_646' title='bbox 1267 4002 1351 4075; x_wconf 88' lang='lat' dir='ltr'><strong>sinas,</strong></span> <span class='ocrx_word' id='word_1_647' title='bbox 1367 4014 1448 4082; x_wconf 85' lang='lat' dir='ltr'><strong>atque</strong></span> <span class='ocrx_word' id='word_1_648' title='bbox 1457 4009 1601 4079; x_wconf 81' lang='lat' dir='ltr'><strong>quominus</strong></span> <span class='ocrx_word' id='word_1_649' title='bbox 1615 4028 1658 4083; x_wconf 87' lang='lat' dir='ltr'><strong>ea,</strong></span> <span class='ocrx_word' id='word_1_650' title='bbox 1671 4027 1732 4087; x_wconf 77' lang='lat' dir='ltr'><strong>pue</strong></span> <span class='ocrx_word' id='word_1_651' title='bbox 1742 4018 1777 4083; x_wconf 83' lang='lat' dir='ltr'><strong>ed</strong></span> 
     </span>
     <span class='ocr_line' id='line_1_79' title="bbox 979 4094 1778 4175; baseline 0.029 -27"><span class='ocrx_word' id='word_1_652' title='bbox 979 4106 1151 4151; x_wconf 86' lang='lat' dir='ltr'><strong>communem</strong></span> <span class='ocrx_word' id='word_1_653' title='bbox 1167 4094 1347 4153; x_wconf 84' lang='lat' dir='ltr'><strong>EcclesIarurn</strong></span> <span class='ocrx_word' id='word_1_654' title='bbox 1364 4100 1560 4159; x_wconf 86' lang='lat' dir='ltr'><strong>correctionem</strong></span> <span class='ocrx_word' id='word_1_655' title='bbox 1577 4105 1702 4175; x_wconf 80' lang='lat' dir='ltr'><strong>auioeut,</strong></span> <span class='ocrx_word' id='word_1_656' title='bbox 1716 4108 1778 4170; x_wconf 83' lang='lat' dir='ltr'><strong>elit·</strong></span> 
     </span>
     <span class='ocr_line' id='line_1_80' title="bbox 979 4184 1779 4271; baseline 0.025 -29"><span class='ocrx_word' id='word_1_657' title='bbox 979 4184 1036 4242; x_wconf 86' lang='lat' dir='ltr'><strong>cias</strong></span> <span class='ocrx_word' id='word_1_658' title='bbox 1045 4198 1078 4241; x_wconf 91' lang='lat' dir='ltr'><strong>ac</strong></span> <span class='ocrx_word' id='word_1_659' title='bbox 1087 4185 1217 4253; x_wconf 76' lang='lat' dir='ltr'><strong>anolinus,</strong></span> <span class='ocrx_word' id='word_1_660' title='bbox 1230 4186 1365 4261; x_wconf 88' lang='lat' dir='ltr'><strong>impediri.</strong></span> <span class='ocrx_word' id='word_1_661' title='bbox 1388 4188 1448 4247; x_wconf 87' lang='lat' dir='ltr'><strong>Scis</strong></span> <span class='ocrx_word' id='word_1_662' title='bbox 1460 4192 1532 4252; x_wconf 86' lang='lat' dir='ltr'><strong>enin</strong></span> <span class='ocrx_word' id='word_1_663' title='bbox 1555 4206 1653 4268; x_wconf 84' lang='lat' dir='ltr'><strong>quanta</strong></span> <span class='ocrx_word' id='word_1_664' title='bbox 1667 4197 1779 4271; x_wconf 78' lang='lat' dir='ltr'><strong>hujusce</strong></span> 
     </span>
     <span class='ocr_line' id='line_1_81' title="bbox 980 4276 1777 4359; baseline 0.021 -26"><span class='ocrx_word' id='word_1_665' title='bbox 980 4276 1030 4342; x_wconf 87' lang='lat' dir='ltr'><strong>rei,</strong></span> <span class='ocrx_word' id='word_1_666' title='bbox 1047 4276 1069 4333; x_wconf 91' lang='lat' dir='ltr'><strong>si</strong></span> <span class='ocrx_word' id='word_1_667' title='bbox 1081 4276 1208 4334; x_wconf 83' lang='lat' dir='ltr'><strong>succedat</strong></span> <span class='ocrx_word' id='word_1_668' title='bbox 1224 4320 1232 4347; x_wconf 95' lang='lat'><strong>,</strong></span> <span class='ocrx_word' id='word_1_669' title='bbox 1252 4279 1408 4353; x_wconf 66' lang='lat' dir='ltr'><strong>magnitudo</strong></span> <span class='ocrx_word' id='word_1_670' title='bbox 1422 4283 1458 4339; x_wconf 92' lang='lat' dir='ltr'><strong>sit</strong></span> <span class='ocrx_word' id='word_1_671' title='bbox 1469 4324 1477 4349; x_wconf 87' lang='lat'><strong>,</strong></span> <span class='ocrx_word' id='word_1_672' title='bbox 1488 4298 1621 4359; x_wconf 72' lang='lat' dir='ltr'><strong>qumque</strong></span> <span class='ocrx_word' id='word_1_673' title='bbox 1634 4290 1777 4349; x_wconf 77' lang='lat' dir='ltr'><strong>muitarum</strong></span> 
     </span>
    </p>
   </div>
   <div class='ocr_carea' id='block_1_21' title="bbox 981 4366 1886 4444">
    <p class='ocr_par' dir='ltr' id='par_1_23' title="bbox 981 4366 1886 4444">
     <span class='ocr_line' id='line_1_82' title="bbox 981 4366 1886 4444; baseline 0.024 -21"><span class='ocrx_word' id='word_1_674' title='bbox 981 4366 1163 4427; x_wconf 81' lang='lat' dir='ltr'><strong>Ecclesiarum</strong></span> <span class='ocrx_word' id='word_1_675' title='bbox 1177 4385 1257 4427; x_wconf 90' lang='lat' dir='ltr'><strong>causa</strong></span> <span class='ocrx_word' id='word_1_676' title='bbox 1269 4374 1428 4444; x_wconf 81' lang='lat' dir='ltr'><strong>praectarum</strong></span> <span class='ocrx_word' id='word_1_677' title='bbox 1441 4373 1493 4433; x_wconf 94' lang='lat' dir='ltr'><strong>boc</strong></span> <span class='ocrx_word' id='word_1_678' title='bbox 1506 4387 1644 4436; x_wconf 86' lang='lat' dir='ltr'><strong>certamen</strong></span> <span class='ocrx_word' id='word_1_679' title='bbox 1659 4396 1674 4437; x_wconf 90' lang='lat' dir='ltr'><strong>a</strong></span> <span class='ocrx_word' id='word_1_680' title='bbox 1687 4391 1713 4441; x_wconf 87' lang='lat' dir='ltr'><strong>te</strong></span> <span class='ocrx_word' id='word_1_681' title='bbox 1732 4400 1779 4441; x_wconf 84' lang='lat' dir='ltr'><strong>su·</strong></span> <span class='ocrx_word' id='word_1_682' title='bbox 1882 4390 1886 4402; x_wconf 93' lang='lat'>&#39;</span> 
     </span>
    </p>
   </div>
   <div class='ocr_carea' id='block_1_22' title="bbox 980 4462 1779 4702">
    <p class='ocr_par' dir='ltr' id='par_1_24' title="bbox 980 4462 1779 4702">
     <span class='ocr_line' id='line_1_83' title="bbox 981 4462 1779 4547; baseline 0.023 -32"><span class='ocrx_word' id='word_1_683' title='bbox 981 4471 1101 4531; x_wconf 85' lang='lat' dir='ltr'><strong>scepturu</strong></span> <span class='ocrx_word' id='word_1_684' title='bbox 1118 4463 1168 4518; x_wconf 89' lang='lat' dir='ltr'><strong>sit:</strong></span> <span class='ocrx_word' id='word_1_685' title='bbox 1182 4462 1339 4535; x_wconf 81' lang='lat' dir='ltr'><strong>aeducique</strong></span> <span class='ocrx_word' id='word_1_686' title='bbox 1351 4476 1457 4535; x_wconf 76' lang='lat' dir='ltr'><strong>quantae</strong></span> <span class='ocrx_word' id='word_1_687' title='bbox 1470 4481 1519 4537; x_wconf 93' lang='lat' dir='ltr'><strong>pro</strong></span> <span class='ocrx_word' id='word_1_688' title='bbox 1539 4468 1678 4530; x_wconf 85' lang='lat' dir='ltr'><strong>laboribus</strong></span> <span class='ocrx_word' id='word_1_689' title='bbox 1691 4476 1779 4547; x_wconf 91' lang='lat' dir='ltr'><strong>publi-</strong></span> 
     </span>
     <span class='ocr_line' id='line_1_84' title="bbox 980 4554 1777 4637; baseline 0.021 -30"><span class='ocrx_word' id='word_1_690' title='bbox 980 4566 1021 4608; x_wconf 78' lang='lat' dir='ltr'><strong>cae</strong></span> <span class='ocrx_word' id='word_1_691' title='bbox 1036 4554 1199 4624; x_wconf 89' lang='lat' dir='ltr'><strong>paciscausa</strong></span> <span class='ocrx_word' id='word_1_692' title='bbox 1226 4556 1324 4614; x_wconf 90' lang='lat' dir='ltr'><strong>subitis</strong></span> <span class='ocrx_word' id='word_1_693' title='bbox 1346 4571 1454 4615; x_wconf 73' lang='lat' dir='ltr'><strong>coronae</strong></span> <span class='ocrx_word' id='word_1_694' title='bbox 1468 4558 1516 4617; x_wconf 92' lang='lat' dir='ltr'><strong>tibi</strong></span> <span class='ocrx_word' id='word_1_695' title='bbox 1539 4577 1555 4619; x_wconf 91' lang='lat' dir='ltr'><strong>a</strong></span> <span class='ocrx_word' id='word_1_696' title='bbox 1581 4561 1699 4637; x_wconf 71' lang='lat' dir='ltr'><strong>benigno</strong></span> <span class='ocrx_word' id='word_1_697' title='bbox 1720 4566 1777 4625; x_wconf 83' lang='lat' dir='ltr'><strong>ileo</strong></span> 
     </span>
     <span class='ocr_line' id='line_1_85' title="bbox 981 4644 1171 4702; baseline 0.005 -2"><span class='ocrx_word' id='word_1_698' title='bbox 981 4644 1171 4702; x_wconf 78' lang='lat' dir='ltr'><strong>mcoadantur.</strong></span> 
     </span>
    </p>
   </div>
   <div class='ocr_carea' id='block_1_23' title="bbox 981 4762 1782 5332">
    <p class='ocr_par' dir='ltr' id='par_1_25' title="bbox 982 4762 1778 4850">
     <span class='ocr_line' id='line_1_86' title="bbox 982 4762 1778 4850; baseline 0.021 -33"><span class='ocrx_word' id='word_1_699' title='bbox 982 4762 1054 4819; x_wconf 79' lang='lat' dir='ltr'><strong>cta</strong></span> <span class='ocrx_word' id='word_1_700' title='bbox 1058 4763 1115 4821; x_wconf 92' lang='lat' dir='ltr'><strong>III.</strong></span> <span class='ocrx_word' id='word_1_701' title='bbox 1135 4766 1251 4837; x_wconf 80' lang='lat' dir='ltr'><strong>dirpsio,</strong></span> <span class='ocrx_word' id='word_1_702' title='bbox 1279 4764 1419 4835; x_wconf 81' lang='lat' dir='ltr'><strong>Numerio,</strong></span> <span class='ocrx_word' id='word_1_703' title='bbox 1442 4764 1603 4843; x_wconf 79' lang='lat' dir='ltr'><strong>Ylteodosio,</strong></span> <span class='ocrx_word' id='word_1_704' title='bbox 1629 4774 1778 4850; x_wconf 74' lang='lat' dir='ltr'><strong>Eutropio,</strong></span> 
     </span>
    </p>

    <p class='ocr_par' dir='ltr' id='par_1_26' title="bbox 981 4856 1782 5231">
     <span class='ocr_line' id='line_1_87' title="bbox 981 4856 1779 4943; baseline 0.016 -31"><span class='ocrx_word' id='word_1_705' title='bbox 981 4866 985 4873; x_wconf 87' lang='grc'><em>“</em></span> <span class='ocrx_word' id='word_1_706' title='bbox 1018 4856 1165 4922; x_wconf 73' lang='lat' dir='ltr'><strong>liastatla&#39;o,</strong></span> <span class='ocrx_word' id='word_1_707' title='bbox 1182 4856 1327 4925; x_wconf 83' lang='lat' dir='ltr'><strong>Ilarcslla,</strong></span> <span class='ocrx_word' id='word_1_708' title='bbox 1352 4859 1473 4931; x_wconf 58' lang='lat' dir='ltr'><strong>druia,</strong></span> <span class='ocrx_word' id='word_1_709' title='bbox 1502 4862 1779 4943; x_wconf 66' lang='lat' dir='ltr'><strong>Heairniauods&#39;ttpe-</strong></span> 
     </span>
     <span class='ocr_line' id='line_1_88' title="bbox 1018 4948 1778 5025; baseline 0.017 -18"><span class='ocrx_word' id='word_1_710' title='bbox 1018 4952 1072 5017; x_wconf 85' lang='lat' dir='ltr'><strong>aio,</strong></span> <span class='ocrx_word' id='word_1_711' title='bbox 1087 4948 1207 5005; x_wconf 74' lang='grc' dir='ltr'>ιιίιιιιιιιο</span> <span class='ocrx_word' id='word_1_712' title='bbox 1223 4950 1244 5018; x_wconf 86' lang='lat'><strong>¹,</strong></span> <span class='ocrx_word' id='word_1_713' title='bbox 1256 4960 1279 5007; x_wconf 83' lang='lat' dir='ltr'><strong>ct</strong></span> <span class='ocrx_word' id='word_1_714' title='bbox 1290 4948 1400 5023; x_wconf 65' lang='lat' dir='ltr'><strong>Tharsa,</strong></span> <span class='ocrx_word' id='word_1_715' title='bbox 1423 4962 1499 5025; x_wconf 70' lang='lat' dir='ltr'><strong>etms</strong></span> <span class='ocrx_word' id='word_1_716' title='bbox 1522 4954 1640 5015; x_wconf 79' lang='lat' dir='ltr'><strong>cunilae</strong></span> <span class='ocrx_word' id='word_1_717' title='bbox 1653 4958 1778 5019; x_wconf 70' lang='lat' dir='ltr'><strong>unmo-</strong></span> 
     </span>
     <span class='ocr_line' id='line_1_89' title="bbox 1017 5042 1744 5128; baseline 0.015 -29"><span class='ocrx_word' id='word_1_718' title='bbox 1017 5044 1069 5101; x_wconf 78' lang='lat' dir='ltr'><strong>nia</strong></span> <span class='ocrx_word' id='word_1_719' title='bbox 1080 5042 1228 5099; x_wconf 76' lang='lat' dir='ltr'><strong>mtdodoaa&#39;a</strong></span> <span class='ocrx_word' id='word_1_720' title='bbox 1239 5042 1363 5113; x_wconf 82' lang='lat' dir='ltr'><strong>episcopie</strong></span> <span class='ocrx_word' id='word_1_721' title='bbox 1376 5044 1522 5114; x_wconf 78' lang='lat' dir='ltr'><strong>rtdrtoout</strong></span> <span class='ocrx_word' id='word_1_722' title='bbox 1542 5056 1649 5118; x_wconf 75' lang='lat' dir='ltr'><strong>palatur</strong></span> <span class='ocrx_word' id='word_1_723' title='bbox 1666 5050 1744 5128; x_wconf 74' lang='lat' dir='ltr'><strong>Idi.)</strong></span> 
     </span>
     <span class='ocr_line' id='line_1_90' title="bbox 1020 5157 1782 5231; baseline 0.017 -17"><span class='ocrx_word' id='word_1_724' title='bbox 1020 5158 1117 5230; x_wconf 73' lang='lat' dir='ltr'><strong>Ingens</strong></span> <span class='ocrx_word' id='word_1_725' title='bbox 1131 5166 1205 5213; x_wconf 89' lang='lat' dir='ltr'><strong>certe</strong></span> <span class='ocrx_word' id='word_1_726' title='bbox 1215 5157 1358 5227; x_wconf 89' lang='lat' dir='ltr'><strong>pristinum</strong></span> <span class='ocrx_word' id='word_1_727' title='bbox 1372 5172 1478 5231; x_wconf 80' lang='lat' dir='ltr'><strong>quoquae</strong></span> <span class='ocrx_word' id='word_1_728' title='bbox 1493 5168 1590 5219; x_wconf 81' lang='lat' dir='ltr'><strong>restrae</strong></span> <span class='ocrx_word' id='word_1_729' title='bbox 1601 5166 1719 5223; x_wconf 76' lang='lat' dir='ltr'><strong>carimde</strong></span> <span class='ocrx_word' id='word_1_730' title='bbox 1729 5177 1782 5227; x_wconf 89' lang='lat' dir='ltr'><strong>sua·</strong></span> 
     </span>
    </p>

    <p class='ocr_par' dir='ltr' id='par_1_27' title="bbox 983 5251 1779 5332">
     <span class='ocr_line' id='line_1_91' title="bbox 983 5251 1779 5332; baseline 0.013 -22"><span class='ocrx_word' id='word_1_731' title='bbox 983 5252 1057 5310; x_wconf 83' lang='lat' dir='ltr'><strong>dum</strong></span> <span class='ocrx_word' id='word_1_732' title='bbox 1077 5252 1188 5310; x_wconf 86' lang='lat' dir='ltr'><strong>exstitit.</strong></span> <span class='ocrx_word' id='word_1_733' title='bbox 1203 5251 1296 5326; x_wconf 80' lang='lat' dir='ltr'><strong>quue</strong></span> <span class='ocrx_word' id='word_1_734' title='bbox 1308 5254 1417 5309; x_wconf 88' lang='lat' dir='ltr'><strong>numine</strong></span> <span class='ocrx_word' id='word_1_735' title='bbox 1428 5254 1527 5325; x_wconf 71' lang='lat' dir='ltr'><strong>gratias</strong></span> <span class='ocrx_word' id='word_1_736' title='bbox 1540 5256 1616 5315; x_wconf 82' lang='lat' dir='ltr'><strong>nabis</strong></span> <span class='ocrx_word' id='word_1_737' title='bbox 1628 5258 1779 5332; x_wconf 85' lang='lat' dir='ltr'><strong>babemus,</strong></span> 
     </span>
    </p>
   </div>
   <div class='ocr_carea' id='block_1_24' title="bbox 137 5341 1884 5437">
    <p class='ocr_par' dir='ltr' id='par_1_28' title="bbox 137 5341 1884 5437">
     <span class='ocr_line' id='line_1_92' title="bbox 137 5341 1884 5437; baseline 0.017 -37"><span class='ocrx_word' id='word_1_738' title='bbox 137 5341 318 5400; x_wconf 86' lang='lat' dir='ltr'><strong>Ecclesiarunr</strong></span> <span class='ocrx_word' id='word_1_739' title='bbox 332 5346 528 5421; x_wconf 88' lang='lat' dir='ltr'><strong>utilitate,pro</strong></span> <span class='ocrx_word' id='word_1_740' title='bbox 540 5366 591 5423; x_wconf 80' lang='lat' dir='ltr'><strong>quta</strong></span> <span class='ocrx_word' id='word_1_741' title='bbox 615 5353 722 5424; x_wconf 76' lang='lat' dir='ltr'><strong>promia</strong></span> <span class='ocrx_word' id='word_1_742' title='bbox 736 5372 868 5429; x_wconf 81' lang='lat' dir='ltr'><strong>quoquae</strong></span> <span class='ocrx_word' id='word_1_743' title='bbox 885 5360 932 5418; x_wconf 90' lang='lat' dir='ltr'><strong>be·</strong></span> <span class='ocrx_word' id='word_1_744' title='bbox 982 5346 1120 5420; x_wconf 73' lang='lat' dir='ltr'><strong>quodum</strong></span> <span class='ocrx_word' id='word_1_745' title='bbox 1142 5344 1270 5403; x_wconf 63' lang='lat' dir='ltr'><strong>diililssi)</strong></span> <span class='ocrx_word' id='word_1_746' title='bbox 1293 5356 1425 5417; x_wconf 65' lang='lat' dir='ltr'><strong>Ieffliffl&#39;i·</strong></span> <span class='ocrx_word' id='word_1_747' title='bbox 1450 5362 1513 5404; x_wconf 89' lang='lat' dir='ltr'><strong>curn</strong></span> <span class='ocrx_word' id='word_1_748' title='bbox 1541 5362 1588 5420; x_wconf 66' lang='lat'><strong>0²·</strong></span> <span class='ocrx_word' id='word_1_749' title='bbox 1602 5368 1661 5424; x_wconf 81' lang='lat' dir='ltr'><strong>qua</strong></span> <span class='ocrx_word' id='word_1_750' title='bbox 1675 5370 1690 5410; x_wconf 74' lang='lat' dir='ltr'><strong>i</strong></span> <span class='ocrx_word' id='word_1_751' title='bbox 1704 5347 1781 5415; x_wconf 67' lang='lat' dir='ltr'><strong>l⁰ffii</strong></span> <span class='ocrx_word' id='word_1_752' title='bbox 1875 5418 1884 5437; x_wconf 86' lang='lat'><strong>,</strong></span> 
     </span>
    </p>
   </div>
   <div class='ocr_carea' id='block_1_25' title="bbox 137 5438 1853 5808">
    <p class='ocr_par' dir='ltr' id='par_1_29' title="bbox 137 5438 1853 5808">
     <span class='ocr_line' id='line_1_93' title="bbox 138 5438 1777 5535; baseline 0.018 -58"><span class='ocrx_word' id='word_1_753' title='bbox 138 5439 221 5508; x_wconf 67' lang='lat' dir='ltr'><strong>„igno</strong></span> <span class='ocrx_word' id='word_1_754' title='bbox 246 5438 304 5495; x_wconf 65' lang='lat' dir='ltr'><strong>Deo</strong></span> <span class='ocrx_word' id='word_1_755' title='bbox 328 5438 465 5499; x_wconf 62' lang='lat' dir='ltr'><strong>laboribus</strong></span> <span class='ocrx_word' id='word_1_756' title='bbox 482 5445 567 5502; x_wconf 64' lang='lat' dir='ltr'><strong>mullo</strong></span> <span class='ocrx_word' id='word_1_757' title='bbox 582 5448 684 5519; x_wconf 56' lang='lat' dir='ltr'><strong>mpjpm</strong></span> <span class='ocrx_word' id='word_1_758' title='bbox 706 5455 929 5527; x_wconf 64' lang='lat' dir='ltr'><strong>apqppeampfioffl</strong></span> <span class='ocrx_word' id='word_1_759' title='bbox 986 5442 1182 5514; x_wconf 75' lang='lat' dir='ltr'><strong>postulabatur,</strong></span> <span class='ocrx_word' id='word_1_760' title='bbox 1208 5438 1366 5497; x_wconf 71' lang='lat' dir='ltr'><strong>Iollilssdilie</strong></span> <span class='ocrx_word' id='word_1_761' title='bbox 1392 5440 1514 5510; x_wconf 62' lang='lat' dir='ltr'><strong>SIOIISIIS,</strong></span> <span class='ocrx_word' id='word_1_762' title='bbox 1542 5443 1643 5502; x_wconf 83' lang='lat' dir='ltr'><strong>tuemini</strong></span> <span class='ocrx_word' id='word_1_763' title='bbox 1671 5463 1777 5535; x_wconf 66' lang='lat' dir='ltr'><strong>eorum,</strong></span> 
     </span>
     <span class='ocr_line' id='line_1_94' title="bbox 137 5529 1853 5628; baseline 0.026 -43"><span class='ocrx_word' id='word_1_764' title='bbox 137 5529 269 5587; x_wconf 78' lang='lat' dir='ltr'><strong>reseretis.</strong></span> <span class='ocrx_word' id='word_1_765' title='bbox 285 5532 465 5600; x_wconf 76' lang='lat' dir='ltr'><strong>Quamobrem</strong></span> <span class='ocrx_word' id='word_1_766' title='bbox 480 5547 507 5593; x_wconf 91' lang='lat' dir='ltr'><strong>et</strong></span> <span class='ocrx_word' id='word_1_767' title='bbox 532 5538 607 5595; x_wconf 84' lang='lat' dir='ltr'><strong>robis</strong></span> <span class='ocrx_word' id='word_1_768' title='bbox 629 5550 657 5597; x_wconf 90' lang='lat' dir='ltr'><strong>et</strong></span> <span class='ocrx_word' id='word_1_769' title='bbox 685 5544 761 5600; x_wconf 90' lang='lat' dir='ltr'><strong>uobis</strong></span> <span class='ocrx_word' id='word_1_770' title='bbox 785 5558 874 5603; x_wconf 89' lang='lat' dir='ltr'><strong>vester</strong></span> <span class='ocrx_word' id='word_1_771' title='bbox 889 5550 933 5607; x_wconf 92' lang='lat' dir='ltr'><strong>bic</strong></span> <span class='ocrx_word' id='word_1_772' title='bbox 985 5535 1031 5609; x_wconf 78' lang='lat' dir='ltr'><strong>qui</strong></span> <span class='ocrx_word' id='word_1_773' title='bbox 1045 5534 1135 5592; x_wconf 59' lang='lat'>”⁰⁵²4</span> <span class='ocrx_word' id='word_1_774' title='bbox 1150 5548 1180 5591; x_wconf 53' lang='grc' dir='ltr'><strong>ὅθ</strong></span> <span class='ocrx_word' id='word_1_775' title='bbox 1194 5532 1315 5605; x_wconf 56' lang='lat' dir='ltr'><strong>”filim</strong></span> <span class='ocrx_word' id='word_1_776' title='bbox 1333 5532 1511 5617; x_wconf 55' lang='lat' dir='ltr'><strong>mmmm·</strong></span> <span class='ocrx_word' id='word_1_777' title='bbox 1527 5538 1664 5595; x_wconf 55' lang='lat' dir='ltr'><strong>mmm·</strong></span> <span class='ocrx_word' id='word_1_778' title='bbox 1688 5539 1780 5628; x_wconf 49' lang='lat' dir='ltr'>unqu?</span> <span class='ocrx_word' id='word_1_779' title='bbox 1850 5596 1853 5605; x_wconf 93' lang='lat'>·</span> 
     </span>
     <span class='ocr_line' id='line_1_95' title="bbox 138 5626 1780 5708; baseline 0.015 -39"><span class='ocrx_word' id='word_1_780' title='bbox 138 5626 409 5700; x_wconf 54' lang='lat' dir='ltr'><strong>mmmmm</strong></span> <span class='ocrx_word' id='word_1_781' title='bbox 420 5630 540 5689; x_wconf 69' lang='lat' dir='ltr'><strong>mrum</strong></span> <span class='ocrx_word' id='word_1_782' title='bbox 563 5649 617 5691; x_wconf 63' lang='grc' dir='ltr'><strong>Μ..</strong></span> <span class='ocrx_word' id='word_1_783' title='bbox 643 5650 733 5708; x_wconf 59' lang='grc' dir='ltr'><strong>μω,</strong></span> <span class='ocrx_word' id='word_1_784' title='bbox 753 5642 932 5702; x_wconf 57' lang='lat' dir='ltr'><strong>comprima</strong></span> <span class='ocrx_word' id='word_1_785' title='bbox 984 5644 1034 5687; x_wconf 88' lang='lat' dir='ltr'><strong>ros</strong></span> <span class='ocrx_word' id='word_1_786' title='bbox 1049 5628 1200 5694; x_wconf 82' lang='lat' dir='ltr'><strong>hortamur,</strong></span> <span class='ocrx_word' id='word_1_787' title='bbox 1222 5636 1326 5684; x_wconf 88' lang='lat' dir='ltr'><strong>uteurn</strong></span> <span class='ocrx_word' id='word_1_788' title='bbox 1352 5628 1452 5696; x_wconf 86' lang='lat' dir='ltr'><strong>etiem,</strong></span> <span class='ocrx_word' id='word_1_789' title='bbox 1469 5644 1548 5702; x_wconf 83' lang='lat' dir='ltr'><strong>qnam</strong></span> <span class='ocrx_word' id='word_1_790' title='bbox 1565 5646 1612 5703; x_wconf 91' lang='lat' dir='ltr'><strong>par</strong></span> <span class='ocrx_word' id='word_1_791' title='bbox 1626 5642 1678 5702; x_wconf 89' lang='lat' dir='ltr'><strong>est,</strong></span> <span class='ocrx_word' id='word_1_792' title='bbox 1701 5634 1780 5693; x_wconf 82' lang='lat' dir='ltr'><strong>inem</strong></span> 
     </span>
     <span class='ocr_line' id='line_1_96' title="bbox 137 5720 1780 5808; baseline 0.016 -47"><span class='ocrx_word' id='word_1_793' title='bbox 137 5720 287 5779; x_wconf 45' lang='lat' dir='ltr'><strong>„meopte</strong></span> <span class='ocrx_word' id='word_1_794' title='bbox 300 5720 527 5799; x_wconf 46' lang='lat' dir='ltr'><strong>nimirum&amp;</strong></span> <span class='ocrx_word' id='word_1_795' title='bbox 548 5738 598 5798; x_wconf 68' lang='lat' dir='ltr'><strong>pm</strong></span> <span class='ocrx_word' id='word_1_796' title='bbox 612 5737 652 5785; x_wconf 70' lang='lat' dir='ltr'><strong>ror</strong></span> <span class='ocrx_word' id='word_1_797' title='bbox 666 5727 845 5791; x_wconf 56' lang='lat' dir='ltr'><strong>&amp;etesiarum</strong></span> <span class='ocrx_word' id='word_1_798' title='bbox 866 5752 933 5808; x_wconf 58' lang='grc' dir='ltr'><strong>μω</strong></span> <span class='ocrx_word' id='word_1_799' title='bbox 984 5723 1137 5795; x_wconf 88' lang='lat' dir='ltr'><strong>imponatis.</strong></span> <span class='ocrx_word' id='word_1_800' title='bbox 1155 5720 1221 5777; x_wconf 83' lang='lat' dir='ltr'><strong>itan</strong></span> <span class='ocrx_word' id='word_1_801' title='bbox 1234 5734 1288 5791; x_wconf 81' lang='lat' dir='ltr'><strong>quo</strong></span> <span class='ocrx_word' id='word_1_802' title='bbox 1301 5720 1485 5791; x_wconf 85' lang='lat' dir='ltr'><strong>pleresrestri</strong></span> <span class='ocrx_word' id='word_1_803' title='bbox 1505 5722 1611 5782; x_wconf 86' lang='lat' dir='ltr'><strong>iabores</strong></span> <span class='ocrx_word' id='word_1_804' title='bbox 1625 5722 1734 5798; x_wconf 82' lang='lat' dir='ltr'><strong>Ideriut,</strong></span> <span class='ocrx_word' id='word_1_805' title='bbox 1747 5742 1780 5787; x_wconf 85' lang='lat' dir='ltr'><strong>so</strong></span> 
     </span>
    </p>
   </div>
   <div class='ocr_carea' id='block_1_26' title="bbox 139 5814 1470 5923">
    <p class='ocr_par' dir='ltr' id='par_1_30' title="bbox 139 5814 1470 5923">
     <span class='ocr_line' id='line_1_97' title="bbox 139 5814 1470 5923; baseline 0.017 -54"><span class='ocrx_word' id='word_1_806' title='bbox 139 5814 296 5886; x_wconf 83' lang='lat' dir='ltr'><strong>praeclarum</strong></span> <span class='ocrx_word' id='word_1_807' title='bbox 311 5816 363 5874; x_wconf 90' lang='lat' dir='ltr'><strong>boc</strong></span> <span class='ocrx_word' id='word_1_808' title='bbox 371 5827 508 5879; x_wconf 71' lang='lat' dir='ltr'><strong>aeramen</strong></span> <span class='ocrx_word' id='word_1_809' title='bbox 519 5824 684 5897; x_wconf 55' lang='lat' dir='ltr'><strong>summatis,</strong></span> <span class='ocrx_word' id='word_1_810' title='bbox 699 5826 837 5902; x_wconf 69' lang='lat' dir='ltr'><strong>maleque</strong></span> <span class='ocrx_word' id='word_1_811' title='bbox 845 5830 931 5904; x_wconf 71' lang='lat' dir='ltr'><strong>mape-</strong></span> <span class='ocrx_word' id='word_1_812' title='bbox 1019 5842 1028 5872; x_wconf 83' lang='lat'>¹</span> <span class='ocrx_word' id='word_1_813' title='bbox 1045 5838 1152 5923; x_wconf 82' lang='lat' dir='ltr'><strong>coislin,</strong></span> <span class='ocrx_word' id='word_1_814' title='bbox 1165 5836 1274 5903; x_wconf 74' lang='lat' dir='ltr'><strong>caercio,</strong></span> <span class='ocrx_word' id='word_1_815' title='bbox 1287 5848 1341 5903; x_wconf 79' lang='lat' dir='ltr'><strong>pro,</strong></span> <span class='ocrx_word' id='word_1_816' title='bbox 1351 5831 1470 5891; x_wconf 61' lang='lat' dir='ltr'><strong>m</strong></span> 
     </span>
    </p>
   </div>
   <div class='ocr_carea' id='block_1_27' title="bbox 0 0 2083 6340">
    <p class='ocr_par' dir='ltr' id='par_1_31' title="bbox 0 0 2083 6340">
     <span class='ocr_line' id='line_1_98' title="bbox 0 0 2083 6340; baseline 0 0"><span class='ocrx_word' id='word_1_817' title='bbox 0 0 2083 6340; x_wconf 95' lang='lat' dir='ltr'><strong> </strong></span> 
     </span>
    </p>
   </div>
  </div>
 </body>
</html>
