4142 6342
178 346 236 409 m
540 332 655 381 ..ἲ

180 475 289 531 sumet,
302 459 353 521 tud
362 460 402 519 ¹in
413 457 507 519 libetis
519 455 665 517 ratmunt
674 447 896 527 cogitationibus,
909 461 977 519 quat

180 564 340 615 manicae
352 551 487 613 usedomi
500 548 580 608 uobis
592 548 671 606 laclia
682 554 745 613 est,
759 542 883 602 euentu
893 538 978 596 animi

179 648 415 720 motionumque
426 646 485 717 insa
497 644 562 710 scis,
576 642 601 699 si
620 638 703 697 modo
720 634 877 703 meministi,
891 630 975 705 niuri-

180 758 240 803 moa
253 756 287 799 ao
298 742 393 813 tomos
407 738 443 795 de
454 737 497 795 bis
507 736 591 793 rebus
602 748 690 805 nuper
701 729 855 805 (neeeutm
873 726 978 784 diutur-

179 853 245 897 num
258 845 365 908 emotus
388 831 491 890 interea
517 827 603 902 iiurit)
616 840 757 885 sermnem
777 840 794 881 a
807 822 885 881 nobis
906 834 973 877 con·

49 935 50 964 ³
179 940 305 1003 sumptos
316 927 401 985 luisse
413 943 422 983 a
436 940 499 983 cuae
511 922 616 981 scilicet
625 918 754 978 ltistorius
765 914 881 973 subinde
898 910 977 969 colli·

177 1038 273 1097 qurum
282 1032 365 1095 atque
377 1020 405 1077 ia
418 1018 538 1079 medium
546 1014 708 1091 μοῐοιτοοι.
727 1010 786 1069 lion
798 1009 870 1069 cmm
883 1013 938 1063 tam
948 1004 977 1061 iu

180 1131 275 1175 rerum
299 1123 406 1185 natue,
431 1126 513 1187 quam
528 1110 558 1167 in
578 1106 719 1179 bominum
740 1103 878 1162 voluntate
896 1108 978 1181 atquc

180 1209 316 1267 sententia
328 1204 509 1279 tranquillitas
519 1200 603 1258 animi
614 1199 666 1256 sita
678 1204 730 1254 cst.
745 1194 880 1266 Quonim
894 1192 977 1263 igitur

180 1300 290 1363 bricia
303 1316 335 1359 se
350 1299 468 1367 bsbent,
492 1310 526 1352 ac
536 1291 615 1352 multi
640 1290 737 1363 obibunt
761 1283 978 1345 circumfluentes

135 1369 153 1409 ἡ
181 1396 263 1453 uitam
274 1394 400 1451 acerbam
414 1404 476 1449 este
487 1390 635 1455 duxerunt,
652 1384 730 1441 multi
742 1388 838 1441 eotttm
850 1379 877 1437 in
888 1386 978 1436 extre·

49 1499 51 1536 l
179 1502 225 1547 me
250 1490 409 1559 nummio
429 1490 571 1541 vertentes
595 1478 760 1541 eumenium
782 1476 844 1558 vite
856 1472 976 1529 omnium

48 1594 50 1630 l
183 1578 408 1653 tmuquiiiissbne
419 1576 613 1641 molecerunt3
625 1581 707 1643 atque
717 1569 762 1626 alii
772 1565 881 1640 quidem
894 1564 977 1621 satel-

179 1672 248 1742 litio,
262 1670 347 1745 cloria
360 1679 391 1730 et
401 1669 506 1727 bonore
514 1668 644 1732 tmante,
659 1667 740 1721 ritant
750 1657 980 1730 scanditis-per·-

181 1780 256 1837 sepe
267 1764 457 1831 devorerunt,
475 1760 530 1818 ,aiii
543 1769 634 1818 autem
647 1755 755 1813 obscuri
769 1762 849 1827 atquc
861 1750 978 1807 obscuro

179 1860 281 1936 mere
288 1860 356 1930 nati,
369 1859 548 1930 omnbusqua
557 1855 651 1929 iqnoti,
665 1852 757 1911 multis
769 1863 831 1907 sese
843 1844 978 1905 bmtiores

180 1967 242 2011 estu
254 1958 438 2019 metuerunt,
452 1965 541 2021 neque
563 1947 637 2004 eninr
649 1954 704 2002 taut
718 1944 746 2001 in
759 1954 852 1999 rerum
864 1946 976 2005 tutum,

49 2067 51 2102 r
179 2062 260 2122 quam
272 2049 300 2105 in
320 2046 459 2104 bourinnm
474 2051 566 2108 mente
576 2058 609 2101 ac
629 2040 732 2113 jurdicio
751 2037 838 2110 punita
850 2043 893 2091 est
904 2042 978 2089 tran·

179 2142 297 2215 quittttas
312 2140 378 2214 (noo
387 2139 460 2197 enim
472 2138 544 2197 istud
556 2125 949 2209 assiducinculcarcdeuinam)
967 2142 977 2181 z

122 2236 125 2240 ’
180 2248 247 2293 care
259 2234 380 2291 animum
390 2233 512 2302 dejicias,
522 2242 618 2287 rerunt
632 2235 659 2285 tc
675 2224 764 2282 excita
780 2230 862 2293 atquc
876 2219 951 2290 erige
966 2258 975 2285 ,

182 2340 348 2398 manumque
368 2323 489 2382 meroni
510 2330 605 2379 nostro
622 2318 751 2391 norriqe,
768 2329 802 2371 ac
819 2310 976 2386 preclara·

178 2417 250 2477 imo
260 2418 340 2475 nobis
351 2430 431 2490 opem
443 2414 544 2488 prebe,
558 2422 623 2469 utte
631 2427 665 2469 ex
673 2410 772 2468 acerba
784 2406 977 2481 cogitationum

178 2509 337 2581 captivitate
357 2521 470 2581 prorsus
481 2504 665 2563 exultamus.
682 2501 749 2559 iiam
763 2500 824 2556 nisi.
839 2500 896 2571 insa
918 2507 978 2553 tatt-

180 2610 239 2659 tunt
264 2601 347 2660 studii
366 2599 497 2657 adbibere
510 2598 627 2655 volueris
638 2636 647 2664 ,
659 2603 788 2668 quantum
801 2606 853 2649 not
865 2590 977 2647 adbibe-

181 2710 254 2765 ntur,
275 2694 377 2753 ndum
395 2692 475 2751 nobis
498 2691 603 2749 cumtio
623 2689 766 2745 utilitatem
790 2684 903 2743 allatura
923 2690 976 2740 cst.

180 2788 252 2859 Quid
259 2798 352 2847 autem
362 2786 473 2856 mimm,
487 2786 511 2843 si
523 2784 577 2843 boe
589 2784 618 2841 in
640 2781 719 2840 nobis
730 2779 888 2852 corrdnqati
909 2777 978 2835 Nam

179 2883 272 2951 etiam,
285 2898 348 2941 curn
361 2896 453 2941 rerum
466 2880 599 2940 omnium
612 2887 763 2951 nraemtem
785 2877 855 2933 lleus
877 2874 977 2948 aliquid

179 2984 272 3032 monet
284 2989 318 3033 ae
330 2967 435 3043 οοοοοο,
449 2982 531 3047 atquc
547 2972 656 3029 auditor
666 2972 751 3044 ipsios
759 2970 849 3029 verbis
866 2969 978 3027 minime

180 3069 367 3141 obtentperat,
382 3067 451 3125 nibil
472 3066 546 3124 aliud
557 3067 621 3123 binc
640 3065 731 3123 evcnit
743 3106 753 3134 ,
766 3078 847 3135 quant
859 3062 932 3136 quod
949 3061 978 3120 id

181 3162 312 3234 maiorem
333 3160 359 3219 ei
384 3174 493 3233 qoenam
513 3160 652 3228 accersit,
677 3158 723 3232 qui
738 3158 812 3215 dicto
824 3156 977 3214 audientem

181 3269 237 3312 non
247 3268 279 3311 sc
290 3252 414 3327 praebuit.
427 3253 504 3321 Qrtod
519 3253 602 3309 ctiam
615 3251 741 3309 cbristus
752 3250 796 3308 ltis
805 3248 896 3306 rcrbis
908 3247 978 3305 indi·

180 3344 276 3403 cabul:
290 3343 351 3401 Nisi
363 3341 826 3419 submurmurantium,
846 3350 979 3413 mertum

182 3437 365 3495 munet
381 3432 395 3493 .·’
402 3452 472 3495 susc
485 3446 572 3493 artem
585 3435 773 3493 mucorem
782 3448 834 3489 non
843 3432 936 3489 bobert
946 3432 980 3489 dc

181 3540 285 3604 ροοοοοο
297 3545 345 3587 stru
356 3528 447 3605 (lom.
463 3528 507 3586 lli.
522 3526 581 3602 ἥ).
594 3525 636 3585 ot
658 3540 772 3599 estoque
785 3538 895 3581 causam
916 3538 978 3581 curn

181 3623 331 3686 lertuulctn
350 3623 403 3683 boc
426 3624 487 3697 ipso
498 3623 608 3681 nourrius
620 3622 743 3694 lugeret,
756 3618 800 3677 iris
810 3620 903 3678 verbis
919 3630 980 3678 ute·

180 3720 261 3779 batur
273 3736 282 3775 s
296 3717 452 3786 lausaim
462 3716 618 3787 imulas,
628 3715 944 3790 quatuordenarium,
955 3723 980 3771 et

181 3814 396 3889 lopidereosqrti
416 3813 451 3870 ud
464 3812 571 3870 umirsi
584 3820 655 3880 rent,
668 3810 767 3882 quotics
786 3809 857 3865 uolui
874 3825 981 3881 mere·

182 3925 246 3983 οπο
258 3910 328 3981 filios
339 3918 445 3972 uncos,
459 3904 609 3963 emtarum
619 3905 633 3961 l
643 3902 712 3961 licre
722 3900 877 3974 relinquetur
888 3900 979 3957 dorrtus

182 4013 265 4060 uestro
277 4003 387 4060 drumm
401 4000 508 4075 (Horti.
520 3998 568 4056 ΞΒ.
583 3997 629 4054 it.
639 3994 698 4067 eei.

217 4098 247 4155 2.
260 4096 384 4171 Ψαοοι
396 4094 562 4161 consolaturi
579 4091 695 4148 satureris
713 4098 832 4145 mimum
850 4086 981 4160 sundran

182 4190 345 4249 mitre
353 4180 904 4263 prem-iianiqiturmmtibinerspeetu
915 4177 980 4248 sint,

57 4268 61 4276 ἃ
183 4284 294 4345 domina
307 4300 368 4341 mea
377 4278 593 4355 religiosissima,
603 4276 707 4344 labora,
720 4274 821 4347 tibique
834 4273 889 4329 rim
903 4271 982 4328 adiri-

183 4380 228 4448 bc,
240 4388 320 4453 atque
330 4392 425 4435 eorum
435 4390 517 4449 quasa
525 4374 604 4431 nobis
616 4378 828 4429 comnrcnmrata
841 4376 916 4438 suut,
929 4383 982 4441 ope

182 4468 476 4537 aesobsidiotnunita,
489 4465 564 4523 inid
578 4466 693 4533 enitere,
707 4470 737 4519 ut
745 4460 921 4533 eoqiuoones
934 4475 981 4518 eas

183 4579 246 4636 quar
258 4562 435 4637 perturbant,
445 4576 478 4617 ac
490 4567 580 4617 tantos
600 4566 690 4615 motus
702 4564 857 4627 unumque
875 4562 981 4625 tempu·

184 4667 282 4715 statem
293 4657 377 4727 ciem,
391 4668 490 4731 maqno
499 4669 561 4712 cum
575 4654 675 4724 imque
685 4648 813 4707 extmdas
825 4662 858 4703 ac
870 4647 981 4720 pronul-

185 4768 240 4811 scs.
251 4753 351 4810 Verum
363 4750 429 4825 quin
450 4749 477 4807 id
492 4749 604 4811 iactura,
620 4744 790 4817 consilioque
803 4753 897 4799 nostro
910 4741 983 4814 pari·

184 4858 245 4906 tom
257 4846 312 4917 sis,
329 4844 430 4904 nemini
443 4838 621 4901 dubitandum
636 4850 697 4895 esse
710 4835 837 4892 arbitror.
850 4832 910 4891 iam
934 4832 983 4890 tibi

183 4941 298 5015 qiadiou,
312 4939 418 5006 basus,
431 4950 512 4993 arcus
525 4943 554 4991 et
564 4931 685 5005 sagittas,
701 4928 849 4996 thoracem,
858 4929 983 5001 clypeum

186 5044 216 5090 er
236 5032 338 5089 tibialia
360 5044 548 5103 coenaremus
570 5030 677 5097 oportet
690 5040 699 5080 s
712 5036 766 5095 quo
780 5021 877 5096 partim
898 5018 941 5077 bis
956 5028 984 5075 te

187 5124 304 5191 rituniat,
316 5123 412 5195 partim
426 5137 484 5189 eas,
503 5134 564 5191 qum
578 5126 607 5175 te
620 5112 822 5190 perturbatione
833 5112 955 5169 alliciunt
970 5150 979 5177 ,

186 5213 365 5286 domudones
373 5221 540 5284 qrmternas,
550 5218 632 5281 atque
642 5208 824 5265 obtruncaret
832 5202 983 5259 interimas.

189 5306 330 5368 llodcnam
342 5305 424 5380 iqitut·
437 5303 577 5361 machinas
590 5304 657 5359 istas
670 5315 703 5357 ac
727 5297 822 5355 lundas
834 5295 882 5380 tibi
897 5296 984 5353 cotri-

187 5402 309 5464 cinam,
324 5408 355 5457 ut
365 5412 401 5457 ne
412 5398 505 5455 hostes
516 5393 625 5468 quidem
639 5390 751 5463 pronius
758 5386 890 5446 amedera
898 5388 983 5457 dnm,

905 324 1095 389 ccum.

1771 325 1825 385 tn
1850 292 1852 295 ’

1029 440 1189 515 supplicium
1201 440 1275 499 omni
1288 438 1419 517 sconelo
1442 448 1470 498 et
1492 437 1612 499 cruciatu
1629 438 1761 499 mnblus.
1780 436 1825 501 Si-

1030 532 1139 607 quidem
1161 534 1316 607 pestiiemm
1337 548 1456 593 remum
1478 532 1613 600 imitetur,
1638 548 1692 591 non
1716 548 1824 593 carnem

1029 628 1180 698 dumtaxat,
1195 629 1339 687 sedetiam
1348 628 1466 687 animum
1478 629 1662 702 pemtmnqoos
1676 647 1683 685 ι
1697 643 1729 687 ac
1753 628 1824 687 tinea

1029 732 1092 792 est,
1107 738 1160 781 nott
1174 724 1275 782 ossium
1301 732 1420 790 mnium,
1438 740 1531 783 rerum
1556 724 1637 781 ctiam
1661 724 1826 783 muniisset

1029 826 1177 891 perpetuus
1190 817 1322 885 carnifex,
1337 833 1391 875 nou
1406 817 1476 875 iatut
1488 816 1610 885 lodices,
1633 832 1727 875 rerum
1741 815 1825 875 animi

1029 910 1102 967 rircs
1113 907 1293 967 labefactans:
1308 917 1336 966 et
1347 917 1475 983 perpetua
1485 924 1551 977 nox,
1565 910 1593 967 et
1605 916 1683 966 tctrae
1695 908 1824 979 tenebrae,

1030 1010 1059 1058 et
1086 1010 1230 1075 tempestas
1244 1015 1278 1058 ac
1290 1002 1427 1073 procella,
1441 1012 1468 1060 ct
1491 1002 1608 1061 obscura
1622 1002 1827 1076 lebris,·quaris

1029 1091 1139 1151 damma
1153 1094 1339 1153 vehementius
1356 1096 1491 1155 exurens:
1505 1104 1532 1153 et
1544 1095 1645 1153 beilum
1657 1095 1824 1155 induciarum

1030 1204 1150 1275 cupere:
1164 1199 1192 1245 et
1216 1189 1337 1256 morbus,
1352 1204 1442 1247 rerum
1458 1204 1570 1261 carum,
1592 1206 1653 1263 quse
1666 1190 1754 1249 oculis
1765 1206 1826 1249 cer·

1030 1290 1140 1351 nutttur,
1149 1291 1327 1356 ¹prospectum
1343 1298 1438 1357 magna
1451 1298 1486 1341 ex
1498 1291 1575 1357 parte
1586 1284 1745 1358 impediens.
1756 1284 1824 1341 Num

1030 1383 1059 1430 et
1071 1374 1110 1431 sol
1120 1414 1128 1443 ,
1138 1382 1169 1431 et
1182 1372 1276 1447 liquidi
1290 1375 1368 1448 liujus
1378 1376 1450 1433 acris
1464 1375 1614 1443 naturalis,
1628 1370 1675 1448 qiti
1688 1379 1724 1433 lta
1734 1374 1825 1433 abacti

1029 1475 1103 1535 tuot,
1118 1465 1268 1523 molestiam
1289 1468 1416 1525 exiribere
1443 1468 1567 1535 uidetur,
1591 1476 1672 1541 atque
1698 1469 1725 1525 in
1744 1468 1828 1527 meri·

1028 1557 1108 1615 diana
1121 1559 1179 1616 luce
1190 1558 1350 1631 profundam
1361 1568 1466 1617 ttccicm
1475 1556 1583 1617 imitari.
1597 1560 1689 1634 anue
1701 1560 1735 1619 de
1743 1573 1825 1617 musa

1030 1650 1145 1707 aienius
1157 1651 1203 1708 ille
1216 1651 1347 1724 propbeta
1364 1652 1480 1720 dicebat,
1497 1650 1602 1709 Occidet
1615 1650 1667 1708 lito
1679 1652 1719 1708 soi
1731 1652 1759 1708 itt
1770 1652 1826 1709 me·

1028 1740 1095 1799 ridie
1110 1743 1199 1819 (imos
1211 1744 1240 1802 8.
1255 1744 1293 1815 9)
1308 1764 1316 1802 ε
1332 1762 1386 1803 nun
1399 1745 1471 1819 qnod
1491 1744 1567 1803 sidus
1588 1745 1654 1803 illud
1667 1745 1824 1815 delitescat,

1029 1844 1076 1892 aut
1089 1846 1233 1895 consuetus
1247 1836 1332 1909 ipsius
1353 1853 1447 1895 cursus
1459 1822 1684 1910 interrumpatur:
1694 1838 1742 1897 ted
1754 1836 1825 1912 quod

1029 1938 1128 1987 moesto
1141 1946 1173 1987 ac
1186 1931 1310 1991 maurenti
1325 1930 1415 1989 animo
1427 1931 1639 1990 clarissimodie
1651 1922 1741 1991 nucib
1760 1948 1827 2005 spe*

1029 2020 1087 2079 cica
1098 2036 1159 2079 sese
1173 2020 1292 2092 obiiciat.
1304 2022 1397 2095 Neque
1411 2024 1483 2080 euim
1506 2032 1587 2081 tante
1601 2026 1688 2081 noeds
1708 2025 1826 2083 tenebre

1028 2122 1103 2181 sunt,
1122 2122 1221 2186 quanta
1234 2114 1359 2171 moeroris'
1373 2131 1426 2173 nox
1441 2126 1482 2172 est
1498 2134 1505 2171 r
1522 2132 1575 2173 uon
1590 2116 1698 2189 quidem
1714 2117 1760 2175 iile
1775 2133 1827 2175 na·
1918 2134 1923 2141 ·

1029 2212 1098 2263 ture
1119 2205 1178 2279 lcqe
1197 2207 1350 2277 accedens,
1365 2222 1457 2266 terum
1484 2224 1534 2282 per
1552 2209 1663 2289 rationis
1683 2224 1716 2267 ac
1728 2210 1826 2269 mentia

1028 2297 1246 2357 obscurationem
1260 2298 1374 2357 cordata
1388 2318 1395 2356 :
1407 2300 1543 2359 horrenda
1556 2316 1623 2359 sanc
1649 2310 1731 2375 atque
1750 2303 1831 2359 into·.

1029 2391 1156 2462 ieranda,
1170 2394 1351 2450 truculentum
1360 2394 1464 2451 uultum
1475 2392 1587 2463 tabem,
1598 2395 1702 2468 quouis*
1711 2403 1826 2468 tyranno

1028 2484 1176 2557 crudelior,
1195 2486 1295 2543 utemini
1310 2500 1423 2558 eorum,
1439 2487 1485 2560 qui
1499 2501 1559 2543 eam
1573 2487 1709 2545 discutere
1722 2502 1834 2545 conon-2

1028 2579 1084 2649 tur,
1095 2578 1174 2637 iscile
1192 2580 1302 2647 cedens,
1317 2594 1410 2638 verum
1425 2580 1542 2637 animam
1554 2595 1718 2653 remquam
1737 2580 1826 2639 corri-

1029 2672 1107 2744 puit,
1134 2672 1278 2730 adamante
1298 2672 1401 2731 llrmius
1421 2673 1579 2746 pierumque
1601 2672 1733 2743 retinens,
1760 2688 1833 2731 cunt*

1029 2766 1195 2825 videlicetea
1208 2782 1262 2824 non
1277 2767 1391 2825 multum
1412 2766 1551 2839 sapientie
1569 2766 1703 2824 adhibuit.

1066 2860 1095 2917 5.
1108 2860 1178 2931 Quid
1203 2870 1293 2918 autem
1304 2861 1382 2933 ionqa
1395 2860 1517 2917 oratione
1539 2874 1608 2932 opus
1621 2868 1673 2929 est,
1698 2866 1726 2919 ut
1739 2858 1774 2917 de
1792 2874 1827 2919 eo

1030 2952 1088 3025 ipse
1098 2954 1271 3033 pronuntiem
1284 2994 1292 3023 ,
1305 2968 1367 3011 cum
1381 2953 1415 3012 ad
1439 2968 1499 3022 cos,
1519 2953 1566 3027 qtti
1587 2954 1633 3010 iiio
1646 2953 1718 3025 moti
1742 2962 1835 3023 sunt,

1030 3045 1135 3116 renire,
1157 3055 1239 3121 atque
1262 3046 1327 3105 binc
1339 3048 1493 3105 uniuersam
1507 3048 1591 3119 ipsius
1602 3047 1656 3104 rim
1672 3047 1828 3121 perspicere

1031 3138 1111 3197 liceat
1123 3140 1135 3195 l
1149 3139 1207 3199 luno
1220 3154 1286 3199 rero
1299 3141 1390 3210 liccat,
1404 3140 1427 3197 ti
1443 3140 1530 3207 iubet,
1545 3155 1605 3199 eam
1622 3140 1729 3198 aliunde
1753 3140 1828 3211 prinu

1030 3233 1258 3291 demonstremus.
1272 3234 1339 3291 Nam
1351 3248 1414 3291 cunt
1428 3232 1548 3291 ndamm
1561 3248 1642 3306 qrare
1654 3231 1718 3290 iilud
1732 3246 1829 3304 pecca·

1031 3333 1087 3383 tutu
1102 3323 1275 3396 admisisset,
1291 3335 1373 3399 atque
1385 3340 1528 3383 commune
1547 3325 1686 3382 bominum
1707 3320 1837 3383 omnium

1030 3436 1116 3493 genus
1127 3419 1344 3487 condemnasset,
1357 3420 1448 3477 labore
1467 3429 1524 3475 tum
1538 3416 1682 3477 nruietatus
1693 3426 1737 3475 eat
1751 3414 1835 3492 (Gen.¹

1030 3512 1060 3586 ὅ)
1072 3529 1082 3581 ;
1096 3528 1128 3571 et
1155 3525 1261 3581 autem,
1275 3528 1335 3585 que
1348 3514 1457 3588 qrauius
1474 3520 1651 3584 peccaverat,
1667 3519 1694 3567 et
1718 3510 1838 3583 qnidem·

1031 3620 1118 3679 usqne
1133 3621 1167 3663 eo
1179 3607 1296 3679 qrariut,
1313 3605 1424 3662 utililas
1438 3613 1588 3677 peccatum,
1601 3618 1663 3662 oum
1675 3604 1755 3678 liujus
1765 3619 1837 3677 pec-²

1031 3707 1093 3757 ceto
1114 3700 1261 3766 collatum,
1290 3714 1325 3755 ne
1339 3706 1479 3769 peculum
1503 3695 1612 3770 quidem
1638 3696 1835 3753 existimetura

1032 3792 1117 3848 ddunt
1128 3793 1219 3860 eninr,
1238 3790 1324 3864 inquit
1338 3789 1487 3863 Scriptum,
1511 3806 1563 3845 rtort
1580 3797 1617 3845 est
1631 3787 1749 3845 eductus
1763 3828 1771 3855 ,
1785 3788 1831 3843 sed

1032 3887 1124 3944 matre
1137 3886 1241 3945 seducw
1257 3886 1284 3941 itt
1301 3884 1509 3957 prevaricatione
1522 3883 1570 3955 suit
1584 3882 1623 3955 (i.
1636 3880 1703 3937 Timr
1717 3880 1744 3936 Ξ.
1759 3880 1805 3952 it)
1821 3898 1829 3936 s

1033 3980 1109 4050 base,
1126 3980 1257 4053 inquam,
1275 3994 1336 4050 que
1360 3977 1473 4049 decepta
1501 3977 1605 4045 iuerat,
1620 3988 1653 4033 ao
1671 3975 1720 4033 lici
1744 3974 1831 4048 legem

1034 4071 1191 4141 violaverat,
1206 4078 1288 4142 atque
1301 4077 1332 4127 et
1341 4068 1403 4138 sibi,
1418 4077 1446 4126 et
1459 4068 1555 4124 marito
1570 4075 1732 4127 venenatum
1747 4080 1833 4140 nucu·

1035 4164 1090 4220 ium
1104 4170 1309 4235 temnerercrat,
1331 4160 1454 4233 ampliori
1468 4160 1579 4217 moerori
1594 4160 1739 4229 addicitur,
1759 4158 1840 4232 quod

1034 4256 1161 4314 videlicet
1185 4257 1231 4313 iile
1245 4256 1383 4329 majorem·
1393 4255 1428 4313 ad
1447 4253 1623 4328 premendum
1638 4254 1693 4311 rim
1712 4256 1809 4312 lrabeat
1824 4276 1840 4322 ,¹

1034 4364 1115 4423 quam
1140 4349 1225 4407 labor.
1246 4348 1422 4422 iistrtpttaum
1435 4347 1508 4405 enim
1520 4386 1528 4413 ,
1542 4345 1638 4419 inquit,
1653 4346 1840 4418 multiplicabo

1035 4444 1254 4511 delerenturque
1276 4444 1395 4517 qemitum
1408 4450 1490 4497 tuum.
1508 4438 1541 4497 itt
1554 4439 1686 4498 doloribus
1700 4440 1785 4513 eorico
1799 4442 1841 4511 iv

1035 4537 1085 4594 iios
1097 4536 1174 4611 (liert.
1188 4538 1216 4595 b.
1231 4534 1288 4609 io).
1304 4535 1438 4607 Nusquam
1452 4534 1496 4591 bic
1507 4534 1593 4599 iulror,
1607 4549 1738 4607 nusquam
1750 4534 1841 4592 sudor

1035 4641 1065 4689 et
1074 4646 1213 4688 erumna:
1229 4644 1323 4687 rerum
1341 4628 1467 4685 mestitia
1481 4635 1510 4685 el
1521 4628 1648 4700 gemitus,
1661 4635 1746 4698 atque
1768 4625 1833 4683 binc

1036 4724 1458 4792 nascenscmciatus,seuccntas
1469 4730 1570 4781 mortes
1592 4720 1753 4791 adaequans,
1775 4719 1830 4777 imo

1036 4819 1118 4877 ctiam
1136 4816 1214 4887 ionqe
1223 4815 1342 4888 gravior.

1049 4923 1052 4933 ·
1073 4910 1158 4967 iiorte
1167 4906 1232 4965 nibil
1243 4908 1344 4981 qrnrias
1352 4916 1397 4963 rtttt
1410 4906 1545 4963 terribilius
1558 4920 1612 4961 esre
1622 4905 1786 4961 demonstrat.
1798 4934 1834 4947 -

1037 5007 1204 5079 Quamquam
1218 5003 1282 5077 quid
1301 5010 1388 5060 morte
1401 5000 1531 5077 qrariusl
1543 5015 1632 5058 annon
1654 4998 1832 5055 bumanorum

1037 5102 1170 5173 mulorum
1181 5106 1260 5171 caput
1270 5097 1330 5155 esti
1340 5111 1429 5155 annon
1441 5110 1473 5153 ea
1486 5092 1619 5152 horrenda
1630 5099 1658 5149 et
1667 5088 1833 5153 intoleranda
1849 5156 1850 5159 Ἴ

1037 5193 1238 5265 innumerisque
1249 5191 1363 5249 luctibus
1373 5190 1452 5261 digna
1465 5202 1525 5245 esse
1536 5186 1661 5243 uidetur‘.l
1672 5199 1762 5241 annon
1773 5196 1844 5239 uam·

1038 5284 1199 5344 atrocissimi
1216 5284 1327 5343 sceleris
1347 5296 1453 5356 poettum
1468 5294 1529 5337 esse
1545 5278 1613 5336 dixit
1633 5275 1752 5335 Paulus?
1766 5274 1844 5331 Nun·

1038 5394 1103 5447 eos,
1114 5379 1160 5452 qni
1175 5384 1342 5436 samosancta
1355 5374 1481 5449 mysteria
1498 5373 1604 5445 indque
1616 5372 1765 5443 attingunt,
1779 5378 1844 5426 tre·-

187 5508 343 5553 rernmeor
354 5504 434 5565 quam
446 5488 602 5559 longissime
613 5498 646 5540 ac
656 5482 731 5539 nulio
754 5478 863 5552 neqotio
875 5478 990 5535 subrno⁴
1039 5473 1195 5547 mundaeque
1209 5486 1309 5529 mense,
1322 5468 1465 5543 participet
1478 5466 1556 5534 iurat,
1570 5465 1638 5522 lianc
1651 5476 1757 5536 poenam
1768 5474 1836 5533 pen·

187 5588 272 5648 rutsl
287 5585 401 5658 Abiere
411 5594 530 5643 moerore
542 5596 550 5635 r
563 5576 690 5641 nimirum
702 5574 727 5631 si
739 5573 775 5630 de
789 5586 824 5629 eo
841 5587 895 5629 non
917 5571 984 5627 tribii

187 5681 373 5747 οἰοοοοοιοοο,
394 5688 529 5752 quamque
540 5671 675 5747 qrariaac
687 5668 854 5725 molestares
867 5667 915 5733 sit,
937 5663 994 5722 dur-¹

187 5784 383 5836 montim-
397 5772 497 5831 lturm
508 5766 582 5827 edu
593 5778 676 5840 qma
696 5761 848 5818 animorum
862 5768 995 5817 tormen·

189 5866 404 5942 cumton
417 5876 526 5928 nnnrn
540 5853 927 5934 morianensem,
953 5867 986 5927 tc

1039 5566 1104 5625 dere
1118 5564 1159 5623 itis
1170 5562 1258 5623 uerbis
1271 5561 1403 5619 assernit:
1419 5558 1560 5631 Propterea
1571 5556 1637 5611 inter
1649 5572 1693 5613 tos
1704 5553 1778 5610 inulti
1785 5552 1834 5608 im·

1024 5659 1139 5719 -bccilles
1151 5668 1175 5715 et
1190 5656 1295 5727 infiniti,
1307 5664 1330 5711 et
1345 5654 1473 5710 dorminut
1485 5650 1559 5707 multi
1569 5649 1578 5721 (
1590 5651 1617 5706 l.
1631 5646 1691 5704 Cor.
1705 5648 1749 5706 il.
1765 5645 1800 5704 50
1811 5651 1846 5719 l.·

1039 5757 1134 5815 innon
1149 5751 1314 5826 legislatores
1323 5762 1418 5806 ornnes
1431 5745 1483 5803 boc
1495 5742 1626 5817 supplicio
1635 5756 1683 5799 eos
1692 5740 1845 5807 mulctant,¹

1037 5850 1084 5925 qui
1094 5844 1260 5909 atrocissima
1270 5835 1661 5903 sceieracomnitlttttlarmott
1670 5835 1750 5899 ctiam
1764 5832 1835 5892 [lent
