4142 6342
280 423 332 484 107
631 423 660 480 S.
678 417 819 481 tuturus
837 413 1076 480 cttnisosTotit
1094 420 1253 479 luctatur.
1274 420 1541 486 cobsixuttttut‘.
1865 435 1918 496 {08

280 543 353 600 tiam.
367 539 397 600 ln
411 539 509 616 hyeme
527 538 632 610 longam
648 545 753 594 noctem
776 550 836 593 esse
846 537 946 607 jussit,
961 534 1071 607 quando
1126 543 1154 589 et
1165 535 1253 604 bruta,
1264 544 1292 592 et
1304 552 1358 594 uon
1375 538 1572 612 submergitur?
1583 540 1618 598 lit
1629 537 1691 614 quid
1704 539 1776 614 dieo,
1788 561 1841 602 non
1854 548 1918 607 sub-

281 634 403 692 molliora
420 633 524 692 semiua
540 637 569 688 et
583 629 667 701 magis
685 627 829 701 frigescere
845 628 1071 700 indigentia,nec
1126 627 1257 696 mergitur
1270 643 1278 694 i
1293 629 1426 700 quomodo
1445 630 1556 688 inlerius
1580 633 1770 694 circumstante
1782 637 1832 695 sibi
1847 655 1916 712 aqua
1957 603 1966 688 ,¹
1989 643 1996 654 '

279 725 434 784 calidiorem
457 719 561 780 radium
587 721 703 778 tolerant
719 737 726 778 :
743 728 882 793 postquam
904 734 969 774 vero
994 725 1071 774 aucta
1125 725 1332 791 tantotempore
1354 730 1466 778 nonest
1484 723 1631 795 dissoluta,
1655 740 1704 784 neo
1726 731 1811 785 lutum
1829 731 1918 792 omnia

278 819 396 886 luerint,
412 830 537 874 unacum
553 815 728 888 ipsiscrescit
747 829 853 871 rursum
876 813 953 881 dies,
966 820 1073 870 ottone
1125 808 1193 867 iacta
1203 812 1327 870 suntiSi
1340 816 1411 872 enirn
1424 816 1557 888 lignorum
1568 829 1666 878 natura
1679 835 1772 893 parum
1787 825 1918 896 temporis

282 911 313 968 ut
323 909 438 982 longior
453 906 582 982 quando
571 923 626 980 pam
644 907 717 979 uiget
738 906 851 961 fructus.
867 903 999 960 llocvero
1017 918 1072 959 nou
1125 919 1201 975 uqttts
1210 906 1351 964 immorata
1363 911 1542 983 corrumpitur
1553 921 1580 970 et
1591 913 1764 974 dissolvitur
1756 917 1843 989 ,guid
1855 918 1918 978 diou

275 999 543 1067 seminibustantum,
557 997 694 1056 sedetiam
708 996 865 1069 corporibus
878 1002 1069 1066 oppurtunum
1126 994 1261 1066 lignorum
1282 1000 1477 1074 naturuiquid
1496 1003 1569 1062 ierro
1595 1005 1711 1064 valdius
1732 1021 1793 1066 esse
1811 1009 1919 1082 possiti

275 1092 407 1163 Quoniam
430 1091 528 1164 hyeme
553 1100 632 1148 nauta
646 1091 869 1164 ,gubernatores
883 1089 977 1156 uiator,
993 1087 1071 1144 miles
1124 1087 1172 1144 sed
1185 1099 1213 1145 et
1226 1089 1363 1164 noesepe
1374 1095 1530 1166 mollescit,
1545 1113 1606 1155 cum
1619 1113 1725 1172 semper
1734 1117 1762 1158 ru
1774 1104 1919 1174 aqursma·

275 1193 304 1241 et
321 1184 438 1257 agricola
456 1185 569 1242 multum
593 1183 665 1240 domi
680 1181 776 1240 sedent
783 1180 862 1254 ,gelu
878 1172 1033 1248 constricti,
1043 1188 1072 1237 et
1125 1191 1181 1249 net,
1194 1191 1223 1240 et
1236 1187 1357 1242 merito:
1373 1191 1508 1261 quippeet
1523 1190 1636 1263 ipsuma
1649 1201 1722 1250 terra
1741 1190 1918 1254 substantiam

274 1278 324 1337 otii
338 1286 445 1350 tempus
465 1287 507 1335 est
530 1279 557 1336 in
572 1277 690 1352 hyeme,
712 1277 772 1349 plus
786 1275 913 1348 temporis
934 1275 963 1330 in
976 1281 1071 1333 noctes
1124 1273 1213 1332 babet
1235 1277 1381 1349 Propterea
1404 1281 1482 1337 multi
1504 1282 1676 1355 lugitivorum
1694 1300 1831 1344 serrorum
1843 1297 1918 1361 post·

274 1369 393 1441 impendi
405 1369 476 1426 Deus
494 1369 641 1438 coustituit,
661 1383 695 1425 ne
712 1367 765 1425 diei
788 1364 926 1439 longitudo
935 1363 1071 1438 superflua
1123 1383 1203 1440 quam
1212 1371 1356 1442 compedes
1368 1382 1396 1429 et
1409 1384 1518 1432 catenas
1530 1377 1715 1448 pertrahentes
1727 1379 1867 1452 ingerunt,
1882 1381 1917 1438 ad

276 1462 322 1528 sit,
336 1460 404 1518 nibil
415 1459 567 1519 hominibus
582 1460 671 1517 iacere
681 1459 842 1518 ualentibus.
856 1457 922 1528 Quis
935 1458 998 1514 anni
1009 1473 1071 1530 par·
1122 1461 1196 1518 rivos
1209 1477 1336 1534 aquarum
1351 1465 1489 1523 uenientes
1510 1475 1539 1523 et
1559 1468 1664 1526 uinctos
1682 1470 1758 1542 aquis
1772 1471 1855 1542 pedes
1866 1472 1917 1529 im·

274 1553 340 1609 tium
364 1553 485 1614 ordinem
510 1552 601 1609 dicere
626 1553 735 1624 possiti
748 1549 882 1623 quomodo
896 1559 924 1607 et
936 1551 979 1608 ba
998 1559 1069 1607 ιιιιι·
1122 1553 1277 1622 mittentes,
1290 1565 1318 1612 et
1336 1559 1375 1615 sic
1390 1561 1497 1616 mollius
1510 1558 1613 1618 ferrum
1633 1562 1772 1632 iacientes,
1786 1564 1862 1623 facile
1872 1565 1915 1622 la·

275 1661 354 1717 quum
368 1645 485 1717 virgines
500 1645 622 1717 quaedam
638 1646 666 1702 in
683 1661 750 1719 gyro
760 1647 898 1713 saltantes,
908 1661 969 1702 cum
984 1645 1069 1702 multa
1122 1645 1184 1716 pide
1206 1649 1392 1718 percutientes
1405 1649 1570 1724 diffringunt.
1596 1653 1678 1727 lgitur
1695 1656 1794 1713 terrum
1808 1658 1916 1730 guidem

274 1737 378 1794 ratione
393 1737 443 1796 sibi
456 1746 548 1795 mutuo
560 1739 719 1806 succedunt,
734 1747 761 1795 et
775 1739 902 1810 paulatim
917 1739 977 1795 sine
995 1747 1066 1796 stre·
1122 1738 1264 1810 mollescit,
1280 1741 1350 1813 ligna
1366 1743 1530 1814 putreiiunt,
1545 1754 1575 1802 et
1594 1746 1697 1819 lapides
1709 1759 1917 1822 cormmpuutur

273 1829 331 1900 pitu
346 1829 379 1885 ad
389 1831 538 1887 contrarias
548 1831 644 1887 medius
659 1831 773 1887 transire
788 1846 841 1887 uon
855 1839 963 1888 cessant
973 1830 985 1886 i
996 1831 1067 1887 Pro·
1122 1831 1157 1887 ab
1169 1845 1298 1903 aquarum
1314 1843 1409 1891 natura
1422 1854 1429 1903 ;
1443 1845 1521 1893 terrre
1530 1851 1595 1895 uero
1606 1841 1759 1913 magnitudo
1769 1851 1842 1902 tanto
1852 1852 1916 1901 tem·

271 1931 363 1996 pterea
376 1939 426 1980 uec
437 1925 471 1981 ab
493 1925 590 1998 hyeme
603 1941 652 1982 nos
671 1924 770 1998 excipit
784 1934 874 1994 estas,
891 1941 941 1982 nec
961 1925 1069 1999 abipsa
1122 1940 1189 1996 pore
1202 1927 1278 1999 aquis
1297 1929 1438 2002 imposita,
1463 1945 1517 1988 non
1530 1939 1572 1989 est
1585 1935 1741 2007 submersa,
1764 1953 1814 1996 neo
1827 1936 1917 1996 dissu-

272 2017 363 2072 statim
376 2015 483 2090 hyems,
499 2017 546 2074 scd
558 2017 675 2075 medium
692 2033 741 2074 uer
754 2018 941 2090 interpositum
954 2027 1011 2089 est,
1029 2021 1067 2078 its
1123 2015 1188 2085 luta,
1203 2033 1254 2076 neo
1267 2019 1382 2090 perdita.

271 2115 301 2164 ut
314 2107 415 2166 sensim
429 2118 456 2166 et
468 2109 596 2180 paulatim
610 2109 816 2167 succedentibus
831 2109 942 2168 densata
949 2125 1065 2184 corpora
1155 2111 1183 2164 l.
1198 2109 1233 2166 Et
1244 2112 1303 2182 quis
1318 2112 1376 2169 bae
1390 2129 1442 2171 nun
1456 2115 1628 2188 obstupescat
1639 2124 1668 2176 et
1682 2120 1845 2192 admiretur,
1861 2137 1915 2182 nee

270 2210 363 2258 nostru
379 2201 466 2257 testati
485 2202 544 2258 sinc
569 2203 676 2258 tristitia
700 2200 834 2260 adducat:
852 2203 978 2275 quoniam
993 2204 1067 2261 enim
1120 2213 1182 2256 cum
1195 2200 1291 2258 fiducia
1305 2204 1385 2273 diost,
1400 2221 1454 2262 uon
1466 2222 1527 2264 esse
1540 2215 1643 2267 naturae
1655 2225 1747 2283 opera,
1760 2214 1808 2270 sed
1820 2217 1913 2286 proxi·

270 2293 418 2352 subitanem
432 2295 459 2351 in
474 2297 640 2352 contrarium
660 2296 822 2354 mutationes
835 2306 1024 2355 nocumentum
1039 2305 1067 2355 et
1119 2291 1218 2349 doullie
1236 2305 1357 2352 naturam
1371 2299 1548 2356 excedentis?
1569 2299 1632 2358 ¹⁶0⁰
1644 2303 1752 2374 littidum
1767 2305 1849 2362 dicit:
1862 2306 1914 2374 Qui

268 2389 394 2446 morbum
418 2389 525 2460 pariunt
551 2397 721 2458 extremum,
742 2389 906 2463 dispensarit
934 2389 1007 2448 Deus
1031 2390 1067 2447 ub
1119 2389 1251 2458 suspendit
1263 2398 1357 2444 terrum
1369 2407 1445 2463 super
1464 2392 1546 2449 nihilo
1560 2392 1633 2466 (tot.
1647 2393 1693 2452 26.
1707 2394 1735 2470 7)
1747 2414 1755 2453 :
1766 2397 1834 2455 alius
1847 2414 1913 2457 xero

269 2481 484 2554 hyemequidem
495 2497 543 2539 ver
557 2497 607 2538 nus
619 2482 763 2554 excipere,
778 2499 793 2539 a
808 2498 873 2540 uere
884 2499 966 2556 porro
979 2492 1060 2540 testa·
1088 2540 1092 2548 ,
1118 2480 1226 2551 guidam
1242 2500 1250 2535 ι
1265 2479 1301 2537 lu
1319 2500 1398 2539 amau
1421 2485 1502 2556 ipsius
1522 2487 1585 2556 fines
1605 2497 1679 2543 terroe
1697 2488 1783 2561 (Psoi.
1803 2492 1849 2547 tit.
1870 2492 1912 2564 l).

273 2584 338 2642 tem,
349 2574 383 2630 ab
394 2582 487 2631 aestate
498 2586 665 2642 autumnum,
677 2584 704 2632 et
716 2577 754 2632 sie
763 2574 853 2649 hyemi
868 2576 1064 2635 transmittere:
1118 2568 1205 2641 Item,
1228 2572 1313 2645 Super
1339 2577 1421 2632 morio
1443 2578 1560 2651 fundauit
1582 2595 1639 2635 eum
1661 2579 1746 2654 (Psoi.
1762 2583 1807 2639 25.
1821 2583 1862 2656 2).
1877 2585 1912 2645 lit

269 2667 359 2739 itaque
373 2667 496 2724 innocue
515 2676 544 2724 et
566 2666 741 2738 procedentes
762 2669 889 2740 paulatim
903 2669 1065 2727 mutationes
1119 2657 1179 2721 liaeo
1193 2664 1301 2737 quidem
1315 2670 1449 2724 contraria
1461 2684 1522 2727 esse
1533 2671 1674 2740 ridentur,
1697 2674 1806 2730 multam
1822 2685 1913 2738 umen

268 2775 302 2817 ex
313 2761 454 2819 contrariis
463 2761 527 2818 anni
538 2761 739 2832 tempestatibus
753 2763 913 2832 permedias
923 2763 1001 2821 nobis
1013 2762 1065 2820 ad·

268 2853 388 2909 ueniunt.
401 2853 466 2922 Quis
480 2854 560 2925 igitur
569 2861 623 2909 tarn
636 2853 718 2910 miser
730 2862 758 2910 et
769 2854 1001 2926 aerumnmnuqui
1012 2869 1066 2911 ιιι-

234 2941 236 2945 ’
268 2943 324 3000 lum
339 2942 448 3016 quidem
461 2959 595 3014 cerneus,
610 2961 724 3002 cernens
739 2961 803 3003 uero
818 2961 893 3003 mare
914 2957 941 3004 et
952 2956 1063 3018 terrum,

268 3044 460 3108 tempestatum
470 3038 533 3094 anni
548 3039 705 3110 temperiem
719 3049 775 3095 tam
786 3038 927 3111 diligenter
942 3040 1065 3097 modera-

268 3135 382 3196 tam,et
402 3125 589 3187 inconcussum
610 3131 664 3188 diei
697 3139 724 3188 ct
745 3133 831 3188 uoctis
852 3131 990 3202 ordinem,
1006 3132 1065 3190 luaeo

271 3229 368 3292 sponte
380 3222 438 3279 lieri
452 3231 545 3296 putet,
559 3239 610 3281 neo
623 3224 717 3282 adoret
731 3241 791 3282 eum
803 3266 811 3291 ,
824 3227 870 3298 qui
893 3225 953 3283 lucc
974 3226 1065 3283 omnia

268 3328 330 3372 oum
344 3315 473 3388 sapientia
492 3329 610 3389 congrua
619 3315 773 3389 disposuit?
784 3317 876 3376 ttabeo
889 3317 960 3391 quod
974 3317 1065 3376 dicam

197 3431 203 3443 a
268 3413 298 3462 et
319 3405 361 3462 bis
379 3407 466 3478 majus
489 3408 656 3465 :nonenim
679 3408 835 3482 magnitudo
847 3417 949 3468 tanturn
963 3418 990 3467 et
1004 3411 1065 3482 pul-

269 3497 406 3569 cbritudo,
420 3499 467 3556 sed
480 3507 509 3556 et
522 3499 580 3571 ipsc
592 3501 737 3558 creationis
748 3499 845 3559 modus
859 3501 979 3558 omnium
993 3515 1062 3558 con·

269 3592 384 3650 ditorem
405 3593 581 3652 demonstrat.
607 3595 739 3664 Quoniam
771 3595 845 3652 enim
873 3594 999 3653 condenti
1033 3603 1062 3652 et

270 3685 373 3742 ereauti
393 3686 480 3743 omniu
501 3687 535 3744 ab
546 3687 623 3758 initio
636 3702 689 3745 non
700 3687 851 3755 aderamus,
866 3703 962 3760 neque,
977 3687 1000 3744 si
1014 3687 1064 3744 ad·

266 3777 422 3847 fuissemus,
436 3777 570 3851 quomodo
584 3779 684 3836 tiebaut
704 3779 774 3836 scire
788 3789 954 3852 poteramus,
966 3778 1062 3836 inrisi-

265 3870 316 3930 biti
341 3872 439 3928 uirtute
460 3881 555 3930 cuncta
582 3881 778 3945 componente,
805 3873 893 3944 ipsum
919 3871 1065 3930 creationis

266 3963 379 4022 modum
392 3964 522 4028 optimum
534 3964 612 4022 nobis
625 3967 783 4037 magistrum
801 3978 862 4021 esse
880 3963 954 4034 iecit,
966 3979 1062 4036 super-

1118 2753 1220 2813 babent
1231 2760 1445 2817 consonantiam.
1460 2759 1511 2830 Qui
1525 2763 1606 2820 enim·
1618 2762 1702 2834 dixit,
1723 2767 1808 2837 Super
1829 2767 1912 2824 ιιιιῐιι

1119 2848 1236 2918 [sumt
1248 2866 1318 2918 eam,
1335 2850 1405 2909 idem
1417 2852 1484 2909 dixit
1496 2862 1576 2926 atque
1594 2855 1619 2911 is
1636 2856 1683 2928 gui
1695 2857 1732 2913 ait
1744 2858 1815 2930 quod
1829 2875 1913 2932 super

1118 2939 1203 2995 nihilo
1224 2949 1322 2998 terram
1347 2943 1515 3014 suspenderit
1530 2964 1537 3002 :
1551 2960 1634 3017 super
1651 2960 1734 3018 aquas
1754 2949 1826 3005 enim
1845 2965 1913 3008 uou-

1117 3031 1214 3088 sistere
1225 3034 1328 3104 equote
1337 3044 1379 3091 est
1388 3050 1420 3091 ac
1429 3049 1510 3108 super
1522 3037 1606 3094 nihilo
1617 3041 1754 3110 suspendi.
1769 3041 1819 3099 libi
1831 3043 1913 3115 igitur

1116 3137 1247 3195 suspensa
1260 3134 1289 3182 et
1301 3135 1398 3184 statuta
1412 3131 1471 3186 esti
1484 3130 1554 3187 Audi
1581 3132 1705 3190 eumdem
1716 3133 1848 3194 dicentem
1858 3153 1865 3193 :
1875 3135 1911 3194 ltu

1117 3230 1196 3270 meua
1220 3215 1301 3288 ipsias
1323 3219 1387 3288 fines
1410 3228 1492 3276 terre.
1518 3220 1577 3277 Non
1600 3223 1671 3294 quod
1696 3238 1791 3282 manus
1814 3225 1912 3284 babeat

1117 3305 1208 3372 lleus,
1223 3307 1271 3363 sed
1285 3315 1315 3364 ut
1326 3309 1431 3380 discus,
1456 3312 1541 3383 ipsius
1555 3314 1701 3384 potentiam
1713 3317 1837 3373 omnibus
1848 3317 1912 3390 pro·

1117 3397 1251 3457 videntem
1265 3416 1342 3472 esse,
1357 3419 1418 3475 oum
1432 3413 1511 3462 terre
1523 3421 1621 3478 corpus
1636 3410 1754 3467 eontinet
1765 3419 1794 3466 et
1810 3419 1909 3482 portat.

1117 3491 1147 3549 Si
1164 3493 1243 3551 dictis
1261 3511 1314 3552 non
1328 3497 1434 3565 credis,
1456 3498 1489 3556 iis
1502 3515 1562 3572 quae
1576 3501 1651 3558 rides
1666 3502 1747 3559 erede
1757 3520 1764 3558 :
1776 3513 1803 3560 et
1814 3503 1841 3559 ia
1854 3503 1912 3561 alio

1116 3584 1216 3656 quippe
1223 3585 1357 3646 elemento
1365 3587 1434 3646 banc
1441 3590 1589 3648 mirabilem
1597 3594 1779 3665 operationem
1790 3595 1911 3656 inuenire

1116 3675 1190 3734 licet.
1203 3678 1274 3750 lgnis
1284 3681 1356 3737 enim
1369 3691 1463 3739 natura
1477 3684 1530 3741 alta
1544 3686 1697 3757 pertusum
1712 3689 1825 3746 sublime
1838 3705 1911 3745 sem·
1933 3701 1937 3709 ’

1118 3783 1167 3840 per
1180 3770 1251 3838 salit,
1267 3782 1294 3829 et
1305 3789 1323 3830 a
1336 3783 1431 3833 tratura
1444 3786 1474 3834 ut
1487 3778 1605 3845 exsiliat,
1620 3779 1701 3837 babet
1712 3801 1720 3839 x
1731 3790 1759 3838 et
1772 3781 1834 3840 iicet
1846 3783 1910 3840 inll-

1116 3861 1172 3917 nita
1185 3873 1281 3934 cogant
1293 3875 1321 3922 et
1334 3878 1461 3940 urgeam,
1474 3871 1508 3926 ad
1523 3870 1648 3929 interiora
1661 3873 1760 3931 delerri
1773 3891 1826 3932 non
1838 3876 1911 3947 pati·

1117 3961 1170 4010 tur.
1185 3953 1389 4030 Nonnumquam
1407 3963 1479 4018 enim
1498 3962 1583 4020 lacem
1603 3981 1741 4023 accensam
1756 3962 1911 4041 capientes,

266 4056 384 4113 naturali
397 4059 587 4130 consequentia
604 4073 768 4131 componens
777 4059 866 4116 omnia
879 4073 938 4131 qum
952 4057 1061 4116 fiebunt,
1116 4056 1145 4105 et
1157 4049 1185 4106 in
1197 4060 1276 4121 caput
1287 4052 1462 4126 inclinantes,
1485 4057 1554 4128 ignis
1572 4059 1699 4131 impetum
1714 4060 1825 4118 interius
1845 4062 1911 4119 terri

267 4145 351 4205 Forte
368 4150 440 4221 quod
463 4149 519 4207 dixi
532 4152 672 4209 obscurius
689 4161 731 4210 est
750 4171 757 4208 z
782 4153 864 4226 igitur
883 4165 995 4210 necesse
1011 4151 1065 4208 hoo
1116 4155 1172 4198 11011
1191 4145 1390 4218 wstmilitied
1404 4150 1482 4206 011ῑο
1495 4150 1522 4205 ῑ11
1535 4153 1672 4223 superbiri
1686 4155 1818 4224 1·θο111111,
1839 4156 1911 4212 01111

267 4255 378 4299 rursum
397 4242 562 4298 manilestius
582 4242 683 4300 dicere.
708 4244 808 4301 Omnes
820 4245 913 4316 nuque
931 4243 1065 4302 lateantur
1117 4239 1231 4296 sublime
1246 4239 1349 4297 inieme
1363 4241 1485 4311 festiuum
1509 4244 1535 4300 iu
1557 4245 1614 4302 sole
1626 4261 1691 4302 vero
1705 4256 1788 4305 totum
1800 4255 1911 4304 contra·

268 4341 373 4390 naturae
393 4333 611 4406 consequentiam
635 4349 715 4402 esse,
731 4344 761 4392 ut
785 4351 854 4407 aqua
869 4343 1064 4408 superterram
1117 4332 1187 4389 num
1201 4333 1270 4390 beus
1292 4332 1468 4406 iecitripsius
1485 4336 1557 4392 euim
1578 4337 1668 4394 radios
1682 4338 1717 4394 ad
1732 4349 1830 4396 terram
1843 4354 1911 4396 con·

268 4423 319 4482 sed
339 4439 394 4484 non
408 4433 479 4482 terra
505 4427 539 4483 ab
552 4427 629 4498 aquis
651 4425 762 4483 ieratur.
774 4425 858 4484 Terra
883 4428 982 4498 quippe
1001 4441 1064 4484 eum
1116 4425 1214 4494 uertit,
1227 4434 1262 4488 ,et
1280 4425 1366 4482 lucent
1389 4425 1454 4482 iecit
1470 4426 1582 4485 iuferius
1597 4443 1724 4501 uergere3
1740 4438 1841 4487 tantum
1854 4447 1908 4488 non

269 4515 306 4572 sit
319 4515 402 4574 densa
415 4559 423 4586 ,
437 4517 546 4574 dumet
565 4531 619 4574 non
633 4517 753 4584 cedens,
769 4526 850 4590 atque
869 4519 973 4587 solida,
986 4517 1065 4576 iscile
1116 4517 1210 4573 diceus
1221 4517 1272 4587 ipsi
1286 4531 1334 4588 per
1345 4517 1467 4589 liguram,
1485 4515 1597 4575 luierius
1608 4521 1740 4591 prospice,
1752 4529 1780 4576 et
1791 4520 1910 4578 bomini·

267 4613 360 4677 potest
379 4622 507 4680 aquarum
523 4618 645 4666 naturam
670 4612 801 4666 sustinere
816 4625 824 4676 ;
839 4600 908 4681 aqu'a
925 4624 990 4667 xero
1001 4625 1063 4667 cum
1116 4611 1167 4665 bus
1186 4607 1381 4680 lucerpropter
1400 4609 1459 4666 illos
1480 4610 1551 4666 enim
1576 4609 1662 4670 iactus
1680 4626 1720 4668 es.
1741 4613 1775 4669 lit
1793 4612 1911 4671 lucerua

269 4699 371 4771 liquida
381 4701 417 4757 sit
431 4709 459 4759 et
469 4701 569 4770 mollis,
585 4710 731 4775 teneraque
744 4711 772 4760 et
783 4701 917 4772 diffluens,
933 4711 961 4761 et
973 4705 1063 4762 omni·
1116 4698 1224 4770 quidem
1237 4698 1344 4754 1111111111
1359 4699 1477 4771 1100111111
1492 4716 1546 4757 11011
1566 4709 1669 4772 11111111ῑὶ
1684 4700 1836 4760 111111111110
1853 4711 1912 4761 11111

266 4793 321 4850 lius
335 4793 433 4852 cedens
457 4797 677 4866 occurrentibus,
691 4797 792 4854 nulium
817 4812 915 4869 corpus
937 4813 1063 4870 umquam
1117 4806 1241 4863 magnum
1255 4801 1282 4847 et
1296 4791 1452 4850 admirabile
1465 4793 1499 4850 atl
1510 4792 1637 4850 iuferiora
1656 4795 1742 4866 vergil
1760 4803 1788 4852 el
1806 4795 1841 4852 ad
1856 4805 1914 4852 tex·

268 4887 404 4945 sustinere
417 4888 529 4960 valeret,
541 4891 646 4948 etiamsi
660 4891 823 4948 lenissimum
845 4894 880 4949 sit
894 4909 901 4948 ι
917 4907 978 4950 nam
992 4907 1064 4964 sape
1116 4901 1174 4941 111111
1189 4885 1313 4957 millii,
1338 4894 1430 4942 01111111
1449 4900 1529 4958 (lilim
1550 4886 1636 4957 ignis,
1658 4893 1769 4958 1111111101
1787 4885 1846 4958 θῐ111
1863 4886 1913 4959 qui

264 4981 358 5053 lapillo
372 4981 497 5040 incidenti
511 4998 594 5061 paruo
607 4983 678 5040 cedit
692 4992 719 5040 et
740 4983 852 5057 reiugit,
875 4985 1015 5058 ipsumque
1029 4986 1064 5043 ud
1115 4977 1195 5048 jussit
1219 4977 1374 5048 110111111111111·
1398 4977 1444 5034 Vis
1463 4987 1493 5034 0⁸
1509 4977 1582 5033 3111111
1605 4977 1658 5034 ¹³¹⁰
1679 4978 1913 5036 mmmmm?

264 5073 428 5144 putandum
444 5074 678 5133 tmusmittit.Cum
687 5075 786 5134 uideris
798 5077 934 5149 igiturnon
946 5067 1065 5152 lapilluxn'
1117 5071 1202 5127 Dosse
1212 5070 1269 5126 celi
1282 5070 1360 5141 huius
1371 5070 1449 5126 nohis
1462 5071 1599 5141 conspicui
1613 5085 1690 5142 aquae
1703 5070 1820 5143 undique
1831 5086 1913 5128 cum·

265 5181 394 5237 plilium,
411 5166 558 5225 sedtemm
578 5181 685 5225 omnem
705 5183 785 5240 super
795 5183 877 5241 aquas
889 5169 963 5240 ferri,
977 5185 1065 5242 neque
1116 5160 1295 5235 prehendunt,
1311 5171 1339 5217 ct
1352 5177 1439 5233 titique
1451 5162 1572 5219 (lessittttll
1585 5177 1672 5234 neque
1685 5162 1836 5221 excedunt:
1848 5163 1914 5221 licet

265 5258 412 5332 submergi,
423 5259 555 5317 admirare
567 5260 711 5332 potentiam
724 5275 803 5333 supra
814 5269 934 5317 naturam
948 5259 1005 5318 lraec
1014 5261 1065 5316 mir
1118 5267 1170 5309 non
1185 5253 1246 5310 lulis
1256 5253 1291 5324 s'tt
1304 5269 1433 5324 aquantur
1448 5263 1552 5324 nutura,
1567 5254 1616 5312 sed
1631 5255 1658 5310 iu
1671 5269 1788 5311 coureava
1800 5254 1914 5326 giriden

266 5350 386 5409 rabiliter
396 5364 562 5426 operantem.
579 5355 612 5410 Et
636 5354 708 5412 uude
723 5354 774 5410 boc
788 5353 967 5423 nrauiiestunr,
991 5353 1064 5426 quod
1116 5346 1194 5404 iitcile
1206 5356 1384 5416 wncumssli
1400 5363 1460 5404 0¹¹¹ss
1482 5357 1572 5406 11111111
1585 5346 1913 5419 8110011111561111111111111,

266 5451 340 5499 terra
351 5459 431 5515 super
438 5461 519 5518 aquas
529 5447 649 5504 ieruturl
661 5445 793 5517 Propbuta
806 5446 856 5502 boc
868 5445 942 5502 dicit:
952 5445 1065 5518 lpseru·
1116 5441 1233 5512 undique
1242 5439 1370 5509 defluunt,
1381 5449 1410 5497 et
1419 5455 1504 5512 neque
1517 5440 1620 5498 modica
1632 5456 1725 5497 euram
1740 5456 1802 5512 pars
1815 5442 1842 5496 in
1864 5441 1915 5498 tali

228 5583 231 5595 .
267 5536 531 5609 pmrmriusuuduuit
546 5545 717 5610 coureteuper
728 5537 835 5608 patruino
847 5539 1064 5609 proepmuuiteum
1115 5542 1207 5604 posset
1226 5533 1285 5589 loco
1307 5532 1464 5589 subsistere.
1486 5531 1540 5588 Sed
1558 5547 1622 5589 ecce
1640 5531 1692 5588 lroc
1710 5530 1867 5620 miraculum
1883 5532 1915 5589 in

227 5605 231 5616 ¹
267 5625 480 5704 (Prombdpct,
488 5645 604 5696 rursum,
618 5630 669 5698 Qui
676 5629 789 5700 fundauit
800 5639 973 5700 terrunrsuper
983 5647 1063 5700 aqum
1115 5624 1300 5682 satisfactum
1313 5634 1363 5689 est,
1378 5633 1406 5680 et
1418 5623 1470 5680 hoc
1481 5624 1568 5696 ipsum
1583 5639 1677 5682 rursus
1690 5623 1831 5680 insinuans
1845 5638 1914 5692 pro-

267 5718 355 5788 (Prul.
372 5720 434 5777 lbi.
445 5719 472 5792 6)
489 5721 557 5788 Quid
581 5721 669 5778 dicis?
683 5722 801 5794 lapillum
812 5724 934 5793 exiguum
953 5737 1021 5793 aqua
1034 5723 1062 5778 in
1113 5720 1206 5792 pbeta,
1221 5718 1345 5776 dicebat:
1358 5718 1473 5775 boudute
1486 5716 1639 5786 Donusam,
1655 5733 1744 5789 sguoe,
1763 5731 1821 5788 pse
1833 5731 1916 5784 seper

267 5811 409 5882 superlicio
422 5810 493 5867 ierre
508 5827 561 5867 non
574 5822 680 5882 potest,
694 5824 722 5871 et
743 5825 839 5872 terrum
856 5823 955 5870 tantam
967 5817 1037 5887 gerit
1049 5856 1059 5884 ,
1114 5815 1189 5870 ctelot
1211 5815 1271 5870 estis
1296 5811 1381 5887 (Ptol.
1405 5813 1467 5870 tis.
1493 5814 1535 5883 4).
1562 5813 1597 5868 Et
1621 5826 1709 5883 neque
1731 5824 1801 5880 aquia
1824 5805 1915 5863 solem

268 5914 296 5964 et
309 5913 423 5974 montes,
438 5902 568 5975 etcolles,
582 5911 610 5960 et
623 5904 712 5976 urbes,
723 5914 750 5964 et
761 5908 875 5978 plantas,
886 5916 914 5965 ct
925 5907 1058 5979 bomiucs,
1116 5910 1260 5982 exstinxit,
1280 5922 1366 5982 neque
1389 5907 1428 5964 sol
1451 5913 1524 5964 tanto
1542 5904 1636 5964 subtus
1649 5901 1751 5962 uadem
1769 5909 1915 5973 tempore.
