4142 6342
179 370 182 374 Δ
268 315 322 370 stt

626 316 655 370 S.
676 315 814 372 totnuts
830 313 1069 373 cantsostottt
1092 313 1247 374 ancillor.
1265 297 1533 371 'constudentem
1845 311 1896 372 sto

265 425 303 480 lit
317 423 420 480 ridetur
441 424 587 496 qttidemid
601 427 671 496 qnod
686 427 784 482 dictum
802 437 843 481 cst
862 428 964 483 clarum
976 436 1055 490 csse,
1114 429 1156 484 tn.
1173 428 1228 495 li).
1242 419 1476 482 liabesarnbnrtmr
1490 425 1621 494 exempla,
1635 425 1768 494 ‹quomodo
1782 425 1895 496 discipu·

269 515 388 590 nihilque
407 515 524 584 amplius
545 513 731 579 subindicare:
745 515 793 571 scd
814 517 837 570 si
861 519 922 586 quis
935 525 1058 574 accurato
1111 519 1152 572 lus
1164 525 1305 573 eumstarc
1318 515 1461 592 videretur,
1477 511 1612 580 ceciderit,
1626 523 1653 570 et
1666 515 1799 586 quomodo
1810 527 1896 572 merc-

267 605 381 675 singula,
394 621 454 676 qum
472 606 627 670 dictasunt,
642 607 787 673 examinet,
804 621 926 678 magnam
940 609 1059 678 prtelrent
1112 609 1262 680 trixjaecns
1276 607 1433 664 surrexerit.
1450 593 1603 676 dd'lapsunt
1619 621 1719 675 pronus
1736 617 1777 662 est
1794 595 1902 684 artimus

230 757 233 764 ,
266 695 624 768 crintemplandimatcriam,
638 700 937 769 multamqnesensuum
949 699 1060 769 prolun-
1111 711 1218 767 noster,
1239 700 1361 757 solubilis
1375 702 1494 755 rolnrrtas
1509 717 1516 754 :
1532 691 1703 769 qnarnoirrem
1718 713 1785 770 opus
1805 707 1848 756 est
1868 685 1902 762 'ui

268 789 390 856 rlitatem.
405 773 842 857 erino'tcmpusoonsioorsnnnm
853 789 974 844 cst.lion
987 789 1059 844 enim
1112 807 1160 846 nos
1182 789 1298 861 nittlique
1326 791 1476 844 muniamus
1495 787 1695 860 'sepiutnusqne
1722 779 1794 843 Turrc'
1814 791 1899 859 alicus

270 880 427 959 ¹simpliciter
441 878 506 934 iliud
526 877 626 933 indicat
637 879 818 950 evangelista3
834 895 919 949 neque
932 879 1060 936 enimdi-
1110 897 1176 936 unus
1196 881 1227 935 dc
1248 876 1485 947 duodecinr,ludus
1507 877 1650 934 irruentes.
1680 877 1804 934 Viden'a
1827 873 1899 949 quali

270 971 310 1024 alt
322 971 427 1038 solum,
440 970 508 1026 'Adiit
519 1011 527 1036 ,
540 969 588 1026 sed
601 969 715 1040 adiecit,
731 969 802 1026 Tunc
822 971 895 1026 olriit.
906 969 997 1026 Tunc?
1014 971 1062 1025 dic
1111 971 1195 1026 choro
1208 969 1337 1026 exciderit
1346 969 1358 1023 l
1367 969 1455 1024 ridctr'
1470 985 1549 1039 quam
1562 968 1709 1023 doctrinam
1723 967 1874 1040 despexerit
1886 963 1906 1020 'l‘

270 1066 337 1122 milti
350 1064 518 1134 quandonam
530 1105 539 1130 ,
552 1074 705 1135 etquenam
717 1065 752 1120 dc
763 1079 843 1120 cansa
859 1076 964 1133 tempus
987 1063 1058 1118 indi·
1112 1061 1198 1117 riden'
1216 1070 1342 1134 quantum
1364 1063 1461 1116 malum
1481 1062 1515 1115 sit
1527 1053 1654 1131 segnities
1673 1046 1700 1114 ei
1715 1049 1904 1129 negligentia?

270 1156 333 1211 cett
346 1155 409 1226 quid
422 1155 572 1214 medocere
585 1156 642 1209 rull
656 1154 669 1208 i
682 1154 739 1209 Non
754 1155 826 1210 enim
849 1154 1060 1210 temercdictutn
1110 1152 1194 1207 iudos
1207 1154 1250 1223 qui
1261 1151 1389 1207 dicebatur
1403 1151 1548 1206 iscariotes.
1570 1151 1623 1206 Cur
1637 1150 1701 1206 milti
1716 1149 1827 1220 patrium
1836 1143 1907 1219 ‘eius‘

271 1256 314 1300 cst
326 1245 409 1311 iliud,
422 1253 483 1299 tuuc
498 1245 650 1315 :siquidem
664 1259 725 1299 curn
737 1243 838 1314 Spiritu
856 1253 944 1300 motus
969 1245 1063 1313 loque·
1113 1257 1243 1299 memoras
1260 1241 1392 1298 lillinrm
1403 1255 1437 1296 ne
1451 1243 1536 1312 ipsnni
1551 1241 1656 1312 quidem
1669 1255 1776 1296 nossem
1793 1240 1801 1295 l
1816 1237 1909 1293 indus·

273 1349 356 1401 retur.
371 1352 421 1396 uec
434 1346 535 1395 temere
548 1351 598 1392 nce
608 1337 704 1390 lrmtra
716 1335 884 1404 innuebatur.
895 1334 965 1402 Quid
980 1334 1061 1406 igitur
1106 1334 1155 1404 qui
1171 1329 1299 1386 dicsiotus
1312 1329 1457 1386 iscariotes.
1471 1329 1525 1385 Gur
1535 1329 1594 1398 eius
1606 1329 1740 1385 civitatem
1754 1327 1875 1382 nominas
1887 1329 1909 1381 l·

273 1437 313 1483 est
329 1427 404 1493 illud,
418 1428 496 1482 trine?
510 1431 579 1482 Ante
593 1427 657 1482 illud
672 1437 792 1497 tempus,
806 1436 868 1482 ante
883 1427 953 1480 iilam
966 1428 1061 1482 lteram
1113 1425 1188 1480 Alius
1198 1431 1256 1480 crat
1274 1420 1355 1478 iudas
1368 1422 1522 1494 discipulus,
1537 1431 1714 1492 cognomento
1727 1420 1833 1476 zelotes
1846 1435 1853 1472 ε
1866 1435 1901 1474 ne

273 1520 386 1574 necessit
398 1519 524 1574 meretrix
539 1518 700 1573 ahbastrsm
714 1517 841 1588 unguenti
852 1517 964 1582 balens,
980 1527 1007 1572 et
1019 1517 1067 1572 el··
1112 1515 1233 1586 igiturex
1248 1513 1342 1570 codem
1357 1515 1465 1570 nomine
1489 1519 1566 1569 err'or
1586 1505 1756 1577 nasceretur,
1772 1511 1843 1567 hunc
1861 1511 1901 1566 tli-

275 1609 342 1663 ludit
356 1610 442 1662 oleum
470 1607 533 1662 illud
545 1621 626 1678 super
637 1615 717 1676 capot
740 1607 856 1664 Domini.
881 1607 1001 1678 liugnam
1014 1623 1075 1664 cn.
1112 1605 1246 1662 stinsitair
1259 1605 1304 1660 illc
1316 1620 1324 1660 a
1334 1615 1361 1660 et
1371 1605 1444 1662 illurn
1454 1604 1583 1674 quidemn
1592 1605 1688 1674 uirtute
1701 1600 1907 1660 nominavitdu.

275 1715 331 1753 ram
353 1699 484 1765 ostendit,
500 1698 626 1768 grandem
641 1698 737 1763 idem,
752 1698 862 1753 multam
877 1681 1055 1754 olredieutiarn
1113 1694 1160 1749 das
1176 1693 1295 1760 zelotes,
1313 1694 1385 1748 iruuc
1400 1704 1488 1750 autem
1503 1710 1518 1748 a
1533 1694 1648 1765 nequitia
1662 1709 1713 1749 nnn
1730 1693 1876 1748 norninaoit
1892 1712 1898 1747 :

274 1806 306 1844 ac
318 1792 453 1860 piemtcm;
467 1791 582 1859 priorem
594 1790 674 1844 sitam
690 1791 817 1856 mrrtasit,
832 1787 898 1844 iac'ta
912 1801 952 1845 est
967 1792 1062 1845 melior
1079 1774 1082 1782 ’
1114 1799 1199 1854 neque
1224 1784 1294 1838 enim
1309 1773 1387 1851 dixit,
1402 1782 1484 1840 iudas
1498 1785 1625 1856 proditur.
1645 1785 1723 1854 Atqui
1745 1800 1791 1854 par
1803 1793 1861 1839 erat
1873 1793 1902 1839 ut

274 1888 301 1932 ct
333 1878 533 1947 temperantior.
559 1878 593 1933 Et
627 1879 733 1949 qnando
765 1883 891 1934 meretrix
931 1881 1061 1950 resipuit,

273 1973 380 2038 quando
390 1969 441 2023 sibi
453 1968 593 2024 licerinum
606 1969 718 2024 attraxit
730 2011 737 2036 ,
754 1979 817 2029 lttrtc
836 1971 983 2040 discipulus
1006 1987 1063 2026 ma·

269 2061 386 2128 'gistrum
406 2059 532 2129 prodidit.
550 2059 612 2115 ldco
624 2059 702 2124 dixit,
718 2069 787 2126 tuuc,
803 2075 838 2116 ne
858 2061 1011 2130 magistrum
1022 2063 1064 2114 in·

277 2138 409 2206 llrmiertis
433 2163 589 2214 accusares,
612 2149 657 2205 ulti
682 2151 787 2206 videres
812 2167 874 2206 cum
891 2167 911 2206 a
934 2151 1063 2221 discipulo

269 2239 362 2310 prodi.
373 2240 456 2294 Tanta
476 2239 547 2297 enim
561 2241 603 2295 tis
615 2247 671 2295 crat
685 2241 821 2310 magistri,
834 2252 863 2295 ut
874 2243 955 2296 etiam
977 2257 1063 2296 mere·

275 2329 356 2405 trices
366 2328 399 2384 ad
414 2329 613 2400 obsequentium
626 2331 677 2386 sliri
693 2332 867 2400 pertraheret.

270 2425 274 2435 '
313 2416 380 2473 lictus
392 2433 443 2472 nort
452 2421 596 2473 nmessitutc
605 2421 726 2486 mironis
735 2422 770 2475 sd
781 2421 874 2476 iorttrm
883 2423 1019 2494 onceditur.
1029 2451 1064 2463 -

276 2507 345 2575 Quid
359 2509 455 2577 igitur,
469 2508 589 2578 inquies,
601 2509 647 2579 qui
661 2511 815 2566 meretrices
829 2513 931 2600 potuit',
944 2511 1063 2582 discipu·

276 2596 330 2652 lum
343 2599 560 2668 pertralrerenoo
572 2601 657 2668 potuit
670 2600 683 2652 l
696 2599 803 2655 Poterat
823 2602 933 2671 quadem
944 2601 1064 2671 discipu·

276 2687 508 2759 lom'pcrtraitcre,
523 2689 571 2745 sed
592 2690 676 2746 nolult
698 2690 772 2744 illum
797 2689 953 2746 necessitate
964 2692 1064 2748 Ιιοιιιιιιι

271 2779 374 2846 iacere,
388 2794 475 2850 neque
485 2779 552 2835 clad
564 2795 594 2836 sc
608 2780 771 2850 pertrahere.
787 2779 961 2838 Tsucudierrs.
979 2783 1065 2838 Etiam

278 2867 591 2941 illnd‚uiiesu,uliqnnm
605 2870 684 2926 nabet
695 2873 891 2942 contemplandi
906 2876 1042 2929 materiam
1057 2889 1064 2928 ι

277 2972 332 3012 nou
345 2960 417 3013 cuim
431 2960 531 3014 accitus
546 2975 561 3014 a
573 2960 736 3031 principibus
749 2962 934 3033 sacerdotum,
951 2980 1004 3021 rrnu
1019 2981 1066 3022 ue·

278 3045 404 3103 cessitate
425 3047 560 3116 indoctus,
576 3065 629 3105 non
641 3062 763 3118 coactus3
780 3051 828 3108 sed
847 3067 862 3107 a
878 3057 966 3124 seipso
979 3065 1007 3111 ct
1018 3057 1076 3112 sua'

271 3133 373 3210 sponte
384 3139 474 3195 dolum
489 3141 601 3211 peperit,
615 3150 641 3197 et
653 3141 823 3199 itancextnlit
831 3150 989 3202 scnlorrtiam
1000 3189 1007 3211 ,
1019 3165 1066 3204 ne-

277 3233 351 3287 mine
372 3233 425 3286 alio
442 3233 493 3287 silri
516 3234 639 3304 nequitie
661 3234 740 3306 liujus
762 3247 881 3294 auctore.
898 3239 968 3294 Tunc
980 3242 1066 3297 aliem

275 3337 343 3377 arnus
356 3323 388 3376 dc
405 3322 548 3377 duodecim.
560 3324 627 3391 Quid
641 3335 692 3392 est,
705 3325 779 3382 littus
799 3328 830 3382 de
842 3329 972 3384 duodecim
985 3332 999 3384 l
1012 3331 1068 3387 linc

278 3411 317 3467 illi
341 3429 439 3483 magne
458 3415 564 3470 crimini
581 3420 706 3487 uertitur,
730 3419 800 3491 qunti
814 3421 926 3487 dicatur,
942 3423 1013 3478 linus
1034 3425 1067 3479 de

278 3500 422 3556 dsudccirrt.
439 3503 544 3560 Etenim
555 3514 632 3585 erant
648 3517 676 3562 ct
688 3509 733 3563 alli
744 3509 805 3565 iesu
821 3511 942 3583 discipuli
955 3529 1079 3570 numero¹

275 3594 444 3663 septuaginta
454 3609 461 3647 ι
470 3595 518 3650 sed
533 3596 572 3651 ilii
584 3598 715 3654 secundas
727 3598 870 3667 habebant,
881 3603 920 3657 iili
932 3619 983 3659 non
993 3612 1066 3660 tasrle

279 3681 436 3739 leniuntur
457 3686 567 3756 nonore,
592 3705 641 3746 nec
654 3699 727 3746 tanta
750 3704 827 3748 erant
840 3695 942 3764 prediti
954 3696 1065 3764 liducia,

273 3787 333 3828 -nun
345 3777 477 3831 mulorum
487 3789 564 3834 crant
576 3782 882 3852 participesarcauorum
891 3827 898 3851 ,
907 3795 1068 3855 qrrantnrrrm

276 3865 418 3924 duodecim
432 3871 479 3926 illi.
495 3872 542 3928 liic
555 3874 670 3930 maxime
682 3877 783 3945 probati
797 3886 882 3944 erasit,
899 3878 941 3933 ltic
951 3889 1008 3934 erat
1021 3895 1066 3934 re·

218 3951 248 3978 ‘³
279 3955 339 4028 gius
350 3963 459 4028 cuorum
472 3964 515 4020 iric
528 3980 630 4022 cuneus
638 3969 766 4038 magistro
779 3969 902 4024 herens:
916 3970 950 4025 air
962 3971 1013 4026 lrnc
1021 3987 1066 4027 re·

274 4051 343 4106 siliis
356 4051 448 4108 iudas.
463 4053 498 4111 tlt
508 4056 587 4124 igitur
600 4060 687 4114 discas
699 4075 752 4114 nnn
766 4058 926 4129 discipulum
936 4061 1065 4131 simplici·

280 4136 321 4197 ter
343 4144 429 4213 ipsum
457 4147 621 4217 prodidisse,
648 4151 695 4205 sed
717 4165 799 4204 unum
821 4167 854 4205 cx
881 4151 1066 4220 prnlralissimo

1113 1875 1186 1930 illum
1200 1889 1214 1928 a
1230 1877 1326 1932 virtute
1340 1875 1501 1942 nontinavit,
1524 1877 1682 1932 nuncetiam
1695 1892 1711 1930 a
1726 1876 1841 1946 nequitia
1854 1891 1901 1946 ap·

1113 1967 1213 2035 pellsrc
1224 1981 1257 2022 ae
1268 1966 1368 2030 dicere,
1383 1966 1465 2023 iudas
1479 1968 1617 2035 proditor:
1632 1965 1724 2022 rernm
1739 1975 1768 2020 nt
1782 1975 1808 2021 te
1820 1967 1904 2022 tinee-

1115 2064 1155 2110 ret
1167 2057 1281 2126 linguans
1293 2057 1461 2112 accusatione
1474 2071 1566 2126 puram
1580 2069 1707 2122 serrare,
1721 2058 1761 2111 rel
1777 2055 1827 2127 ipsi
1842 2068 1905 2126 pro-

1114 2147 1192 2202 ditori
1206 2147 1301 2216 parcit.
1315 2147 1496 2211 diicnrenim,
1509 2148 1602 2218 inquit.
1615 2147 1700 2200 ludus
1719 2147 1855 2202 iscariotes
1868 2147 1906 2199 sd

1114 2240 1240 2308 principer
1252 2239 1409 2294 sacedotum
1420 2281 1427 2302 ,
1439 2241 1474 2293 nit
1492 2239 1564 2294 iliis:
1582 2239 1650 2304 Quid
1661 2238 1736 2292 sultis
1747 2237 1810 2290 milri
1823 2238 1900 2298 dulei

1114 2340 1139 2384 ct
1159 2345 1206 2401 eqo
1228 2331 1296 2384 uotis
1322 2331 1421 2383 trudunt
1440 2343 1497 2383 cum
1511 2330 1525 2383 l
1541 2327 1768 2384 (iesseeramlmn
1785 2339 1876 2382 vocem
1891 2329 1916 2381 l.

1116 2419 1251 2490 quomodo
1263 2436 1294 2476 ex
1306 2436 1352 2476 ore
1365 2420 1478 2487 exsiliit,
1500 2419 1633 2489 quomedo
1646 2419 1773 2489 ¹linguam
1797 2418 1903 2472 morit-l
1912 2441 1918 2458 ι

1115 2510 1248 2581 quomodo
1261 2519 1345 2566 tutum
1353 2525 1450 2582 corpus
1462 2525 1513 2566 non
1522 2507 1818 2580 obtorpuithuomodo
1826 2515 1905 2564 mans

1116 2614 1168 2658 nnn
1181 2603 1319 2658 excessit?
1393 2607 1395 2611 ’

1151 2691 1178 2746 5.
1196 2691 1264 2758 Quid
1276 2690 1349 2745 sultis
1368 2692 1429 2746 ntilsi
1442 2691 1518 2754 dore,
1530 2699 1556 2745 et
1568 2705 1614 2763 eqo
1630 2690 1698 2745 toiis
1710 2691 1809 2744 trudunt
1824 2691 1918 2746 erut*

1116 2781 1239 2837 linceius
1254 2791 1279 2836 te
1292 2781 1381 2837 docuit
1392 2781 1524 2850 Glrristns,
1537 2782 1581 2838 dic
1591 2781 1655 2837 milri
1668 2782 1680 2835 l
1693 2793 1782 2836 nonne
1793 2779 1917 2836 tuocum

1115 2871 1212 2926 cebet:
1228 2868 1314 2925 Nolite
1326 2872 1455 2940 possidere
1465 2887 1556 2925 aarum
1574 2885 1654 2938 neque
1664 2881 1811 2942 srqsrrtatrtr,
1824 2882 1910 2940 nsque

1116 2969 1151 3020 ies
1162 2965 1189 3020 irs
1202 2964 1274 3019 souis
1287 2966 1374 3018 nutris
1393 2963 1496 3033 (diuitis.
1513 2963 1556 3019 tlt.
1571 2964 1615 3035 9),
1630 2973 1660 3018 ut
1679 2963 1816 3018 arantium
1830 2962 1907 3018 illam

1119 3056 1175 3126 jam
1188 3056 1251 3110 olim
1265 3055 1291 3110 in
1306 3064 1331 3110 te
1341 3055 1528 3125 comprimeret
1538 3056 1551 3109 l
1560 3069 1650 3110 nonttc
1660 3051 1833 3112 huscassidue
1847 3053 1907 3108 lter·

1118 3147 1232 3214 labaim,
1242 3161 1272 3202 nc
1287 3151 1414 3216 praetcrea
1430 3145 1534 3202 dicebat
1550 3163 1557 3199 ε
1574 3145 1606 3200 Sr'
1623 3146 1679 3216 quis
1689 3153 1713 3198 te
1722 3143 1869 3215 percusserit
1878 3143 1906 3197 irs

1116 3238 1245 3292 deuterum
1256 3237 1394 3298 otacilium,
1407 3247 1474 3292 uerte
1490 3237 1530 3292 iili
1545 3247 1568 3290 ct
1580 3237 1658 3290 olium
1671 3235 1814 3306 (durum.
1826 3233 1861 3290 tn
1874 3233 1907 3304 )l

1119 3327 1187 3392 Quid
1195 3327 1268 3380 oritis
1279 3326 1341 3380 milti
1355 3328 1432 3392 dore,
1446 3335 1468 3380 ct
1480 3339 1525 3396 ego
1542 3325 1611 3379 rodis
1630 3325 1731 3379 nodam
1744 3341 1801 3379 sssrs
1821 3323 1909 3392 (litu.-

1116 3415 1161 3470 att.
1175 3417 1231 3486 ts>
1242 3415 1254 3470 l
1266 3416 1288 3472 Ο
1301 3417 1437 3471 stultitiam
1452 3419 1459 3472 l
1476 3416 1528 3474 Pro
1541 3431 1593 3486 qua
1604 3431 1644 3482 rr,
1656 3429 1757 3486 quamn,
1771 3429 1851 3485 quarn
1863 3415 1910 3469 rel

1117 3521 1225 3577 parvam
1240 3509 1280 3562 vel
1304 3521 1426 3575 magnam
1448 3509 1644 3562 recusationem
1664 3505 1905 3578 prolerresalcns,

1118 3599 1274 3667 magistrum
1290 3597 1380 3667 prodis
1392 3598 1404 3651 i
1418 3613 1452 3652 an
1467 3598 1528 3668 qnia
1542 3607 1698 3668 potestatem
1714 3597 1760 3651 tibi
1774 3596 1907 3651 doditad·

1117 3701 1210 3743 sersus
1228 3687 1386 3742 annonast
1400 3703 1434 3743 an
1448 3689 1509 3758 qnia
1529 3689 1636 3744 nrnrbos
1655 3701 1751 3741 curare
1772 3685 1850 3754 lecit,
1862 3687 1911 3740 rei-

1118 3779 1217 3846 lepram
1231 3777 1421 3832 mundarclan
1435 3778 1495 3848 quia
1509 3787 1627 3832 mortuos
1638 3777 1910 3847 suseitarclauqunti

1117 3875 1210 3922 contra
1236 3869 1329 3922 rrrnrtis
1348 3869 1515 3939 tyrannidem
1541 3877 1568 3922 te
1588 3867 1724 3923 ctmstitnit
1743 3869 1756 3922 l
1777 3868 1907 3938 hanccine

1118 3961 1267 4016 mercedem
1295 3975 1344 4031 pm
1364 3969 1402 4015 tnt
1428 3961 1564 4015 lienellciis
1584 3959 1811 4030 rependilearid
1831 3959 1911 4014 nida

1117 4051 1180 4105 otili
1190 4052 1260 4115 dure,
1276 4061 1300 4105 ct
1309 4067 1354 4122 ego
1368 4051 1436 4106 eolis
1446 4068 1503 4106 eunt
1513 4053 1612 4106 nomm
1622 4051 1669 4107 7-0
1680 4051 1820 4107 stultitiam
1832 4053 1839 4108 l
1852 4053 1908 4108 into

1118 4144 1220 4211 potius,
1235 4142 1400 4196 cararitiam
1415 4142 1421 4195 l
1439 4157 1499 4195 narn
1513 4141 1569 4196 ltaec
1582 4152 1620 4197 tot
1635 4141 1704 4196 mala
1718 4142 1840 4211 peperit:
1857 4143 1908 4196 hu-

276 4233 390 4298 mliter
402 4236 463 4291 idco
474 4237 554 4306 dicit,
570 4240 642 4296 Ursus
651 4243 684 4296 ds
696 4241 837 4297 duodecim.
866 4230 955 4314 Neque
968 4246 1066 4302 erube·

277 4323 332 4377 seit
342 4325 376 4388 is,
386 4327 432 4396 qui
443 4328 500 4385 irae
511 4331 617 4403 scripsit
630 4332 778 4389 Mallium.
806 4337 893 4402 Quare
906 4351 958 4390 nnn
971 4337 1066 4392 erube.
1119 4339 1152 4394 pe
1162 4324 1255 4380 estilla
1269 4325 1338 4378 mala
1353 4323 1442 4390 radix;
1458 4339 1524 4394 quas
1537 4324 1744 4379 inradilanimas
1758 4325 1817 4394 plus
1826 4339 1908 4394 (qnam

276 4413 347 4470 sciti
359 4415 486 4475 iitdiscss
493 4435 541 4476 cos
553 4435 661 4493 semper
671 4437 731 4478 cnm
742 4424 852 4480 veritum
862 4425 1063 4494 consuescere,
1117 4418 1223 4472 doemon
1232 4417 1259 4471 in
1272 4417 1388 4472 leronem
1400 4417 1493 4483 vertit,
1505 4418 1622 4470 omnium
1637 4415 1813 4484 ignorantiam
1827 4415 1904 4485 parit,

279 4523 330 4585 nec
349 4511 390 4562 rel
410 4524 442 4566 ea
463 4512 695 4584 marcquardus
710 4515 837 4583 probrosa
849 4515 981 4571 sidentur.
1002 4517 1065 4574 llaec
1118 4518 1146 4565 et
1156 4509 1195 4564 sui
1209 4518 1236 4564 et
1249 4508 1362 4578 proximi
1378 4517 1405 4564 ct
1415 4509 1574 4563 naturalium
1587 4507 1731 4578 lcgttm;alr
1745 4509 1801 4576 ipsa
1817 4515 1913 4564 tuente

278 4597 377 4672 quippe
398 4599 454 4669 ipsa
467 4616 527 4672 quae
538 4602 662 4657 ridentur
671 4603 813 4673 probrosa,
828 4605 932 4660 Domini
946 4606 1066 4678 benigni-
1116 4601 1249 4658 excedere
1261 4598 1338 4666 lacit,
1350 4599 1380 4656 et'
1389 4598 1504 4655 furiosos
1514 4599 1606 4654 ellicit.
1625 4599 1690 4654 lide
1703 4607 1800 4669 quanta
1812 4611 1845 4654 ex
1859 4598 1913 4654 to·-

277 4696 360 4743 tatcm
374 4691 531 4758 ostesrdum,
546 4692 617 4762 quod
631 4693 809 4762 proditorem,
824 4695 964 4764 latronem,
979 4696 1064 4754 iurem
1117 4691 1158 4746 dte
1170 4689 1259 4744 animo
1271 4688 1397 4759 ejecerit,
1408 4690 1637 4743 conversationem
1647 4729 1654 4754 ,
1665 4687 1886 4743 consuetudinem
1896 4699 1910 4751 ,·

276 4780 528 4851 unamquamque
539 4775 753 4853 benigniusque
763 4783 798 4840 gd
808 4795 958 4842 extremm
971 4788 1064 4844 nomm
1117 4795 1216 4836 mente
1228 4779 1399 4844 sacietatem,
1414 4779 1552 4846 miracula,
1566 4779 1731 4844 doctrinam,
1743 4779 1908 4834 uolturtatio·

275 4872 363 4940 ipsum
386 4873 485 4928 tulerit.
507 4872 611 4926 Etenim
629 4871 805 4941 admonebat,
820 4875 992 4944 hnmbatur,
1006 4892 1066 4933 om·
1108 4873 1409 4942 'nem‚admnnitionem
1427 4891 1434 4928 =
1450 4873 1476 4927 in
1490 4873 1585 4928 lrnmm
1605 4873 1724 4926 omniunt
1744 4871 1904 4926 olrlitionem

276 4975 393 5032 neruique
413 4976 506 5016 curam
518 4961 629 5031 gerebat
637 4963 708 5020 illiss
722 4982 730 5018 :
743 4966 814 5034 qood
836 4967 859 5022 si
879 4967 924 5023 illc
942 4982 995 5022 uon
1006 4968 1065 5023 ani·
1118 4975 1183 5022 lunc
1194 4965 1381 5036 conieciteum
1391 4965 1513 5020 avaritia.
1528 4964 1591 5021 ldeo
1601 4963 1767 5033 Pauluslure
1779 4962 1904 5018 dicebat:

276 5067 349 5105 rtrum
361 5049 492 5117 adtribuit,
506 5066 558 5106 rton
572 5052 599 5107 in
611 5067 690 5108 cansa
700 5063 760 5110 crat
776 5056 912 5112 noortrros.
925 5057 1011 5113 Testis
1022 5067 1065 5114 est
1116 5054 1202 5110 dudio
1215 5055 1327 5109 omniurn
1346 5055 1472 5110 rimorum
1489 5065 1525 5110 cst
1546 5055 1651 5110 murillo
1665 5053 1674 5124 l
1689 5056 1713 5108 l.
1727 5053 1832 5108 Tinud
1846 5051 1904 5122 tilla
1942 5098 1945 5106 .

276 5142 333 5209 ipsa
357 5141 504 5198 meretrix:
518 5141 563 5196 ills
577 5158 692 5215 narnquc
703 5159 765 5201 cum
779 5147 829 5202 silri
840 5147 1003 5214 attenderet,
1018 5163 1063 5203 sa·
1117 5144 1186 5212 Qstid
1196 5145 1271 5199 uultis
1286 5145 1346 5198 nu'ld
1354 5145 1428 5210 dore,
1440 5155 1516 5216 stepo
1529 5145 1597 5200 sotis
1606 5157 1663 5198 eum
1676 5144 1774 5196 trudam
1787 5143 1800 5196 l
1813 5142 1914 5213 lingna-

277 5231 357 5286 lsrtetn
369 5241 448 5286 tuma
460 5243 512 5289 est.
526 5233 565 5289 Ne
579 5233 669 5305 itaque
686 5235 833 5308 desperes,
849 5238 921 5292 illam
934 5247 1064 5294 contuens
1115 5235 1178 5290 dicti
1193 5235 1314 5292 stultitia.
1325 5235 1471 5301 Tradisne,
1486 5250 1588 5304 quaeso,
1605 5249 1670 5290 curn
1684 5233 1731 5303 qui
1743 5233 1831 5287 arrasia
1844 5247 1912 5287 cun·

277 5323 458 5388 mretricem:
469 5326 682 5397 ncquceonlldss
692 5327 749 5395 nni,
757 5327 791 5382 ad
802 5328 896 5384 tudam
906 5329 1062 5399 respiciens.
1116 5327 1198 5394 tinet,
1215 5327 1380 5384 demonibus
1395 5329 1525 5399 imperat,
1539 5329 1605 5382 mari
1620 5327 1757 5398 precipit,
1773 5328 1904 5381 rrnlrersaa

277 5411 424 5484 Utrumque
433 5418 504 5472 euim
515 5419 693 5487 perniciosum
702 5429 780 5475 estet
787 5420 922 5475 conlidcrc
932 5429 960 5476 et
967 5420 1063 5489 despe-
1116 5429 1218 5476 naturae
1230 5421 1395 5477 Dominum?
1412 5421 1443 5478 tlt
1461 5421 1540 5491 igitur
1552 5421 1611 5490 ejus
1634 5421 1813 5490 arrogantiam
1834 5433 1905 5474 com·

275 5518 336 5558 rare
349 5520 357 5556 s
371 5507 531 5562 ctrrtllrlemia
554 5506 625 5562 enim
638 5519 752 5565 stantem
766 5511 924 5580 prosterrrit;
938 5511 1064 5580 despera·
1116 5513 1258 5580 primerel,
1283 5521 1310 5567 et
1328 5511 1480 5567 estenderet
1492 5527 1539 5573 sc,
1554 5512 1579 5565 si
1600 5511 1744 5573 noluisset,
1761 5521 1908 5579 numquam

276 5597 422 5665 tiolapsum
434 5611 576 5665 resurgi-re
588 5614 641 5652 nnn
655 5600 727 5653 sinit.
743 5599 806 5654 ideo
819 5597 914 5654 Paulus
924 5600 966 5656 itis
976 5601 1063 5658 rcrlrls
1115 5603 1238 5660 traditum
1255 5603 1297 5669 iri,
1309 5603 1368 5658 audi
1380 5603 1442 5673 quld
1457 5603 1652 5659 laciut;eodetu
1665 5600 1822 5672 proditionis
1835 5608 1906 5655 tem-

276 5685 431 5740 lrortalator
445 5703 451 5740 ε
467 5685 517 5751 pus
527 5687 623 5743 ridetur
636 5700 711 5754 strue,
723 5689 805 5742 oidsut
819 5706 851 5743 uc
862 5691 936 5744 cador
948 5693 985 5760 (l.
1001 5693 1059 5747 Cor.
1118 5711 1192 5765 pure,
1207 5711 1266 5750 cunr
1283 5695 1368 5764 ipsum
1385 5691 1549 5758 invaderent,
1566 5707 1625 5748 cum
1642 5691 1765 5756 instillas,
1776 5688 1908 5759 lampadi·

1115 4234 1158 4304 jus
1169 4235 1213 4289 ille
1220 4235 1433 4316 eoncupiscentia
1442 4233 1598 4304 magistrum
1608 4233 1733 4303 prodidit.
1744 4233 1816 4288 Talis
1825 4223 1906 4303 quip-
