<?xml version="1.0" encoding="UTF-8"?>
<!DOCTYPE html PUBLIC "-//W3C//DTD XHTML 1.0 Transitional//EN"
    "http://www.w3.org/TR/xhtml1/DTD/xhtml1-transitional.dtd">
<html xmlns="http://www.w3.org/1999/xhtml" xml:lang="en" lang="en">
 <head>
  <title>
</title>
<meta http-equiv="Content-Type" content="text/html;charset=utf-8" />
  <meta name='ocr-system' content='tesseract 3.04.00' />
  <meta name='ocr-capabilities' content='ocr_page ocr_carea ocr_par ocr_line ocrx_word'/>
</head>
<body>
  <div class='ocr_page' id='page_1' title='image "./patrologicursus83migngoog_0481.png"; bbox 0 0 4142 6342; ppageno 0'>
   <div class='ocr_carea' id='block_1_1' title="bbox 174 359 1818 474">
    <p class='ocr_par' dir='ltr' id='par_1_1' title="bbox 174 359 1818 474">
     <span class='ocr_line' id='line_1_1' title="bbox 174 359 1818 474; baseline 0.007 -27"><span class='ocrx_word' id='word_1_1' title='bbox 174 398 226 458; x_wconf 77' lang='lat' dir='ltr'>mo</span> <span class='ocrx_word' id='word_1_2' title='bbox 511 387 798 448; x_wconf 78' lang='lat' dir='ltr'>metueremus.</span> <span class='ocrx_word' id='word_1_3' title='bbox 818 385 921 455; x_wconf 78' lang='lat' dir='ltr'>auru,</span> <span class='ocrx_word' id='word_1_4' title='bbox 940 382 1020 450; x_wconf 82' lang='lat' dir='ltr'>erc</span> <span class='ocrx_word' id='word_1_5' title='bbox 1039 386 1073 446; x_wconf 86' lang='grc' dir='ltr'>ιιι</span> <span class='ocrx_word' id='word_1_6' title='bbox 1088 389 1232 454; x_wconf 84' lang='grc' dir='ltr'>ιιιιιιι.</span> <span class='ocrx_word' id='word_1_7' title='bbox 1253 394 1428 458; x_wconf 84' lang='grc' dir='ltr'>ιιιιιιιιι.</span> <span class='ocrx_word' id='word_1_8' title='bbox 1449 359 1494 458; x_wconf 74' lang='grc' dir='ltr'>ιι.</span> <span class='ocrx_word' id='word_1_9' title='bbox 1767 413 1818 474; x_wconf 73' lang='grc' dir='ltr'>ιιι</span> 
     </span>
    </p>
   </div>
   <div class='ocr_carea' id='block_1_2' title="bbox 169 503 1861 4185">
    <p class='ocr_par' dir='ltr' id='par_1_2' title="bbox 169 503 1861 4185">
     <span class='ocr_line' id='line_1_2' title="bbox 174 503 1821 597; baseline 0.002 -27"><span class='ocrx_word' id='word_1_10' title='bbox 174 525 247 592; x_wconf 86' lang='lat' dir='ltr'>ptum</span> <span class='ocrx_word' id='word_1_11' title='bbox 261 509 327 570; x_wconf 92' lang='lat' dir='ltr'>illud</span> <span class='ocrx_word' id='word_1_12' title='bbox 339 521 447 582; x_wconf 89' lang='lat' dir='ltr'>quoque</span> <span class='ocrx_word' id='word_1_13' title='bbox 468 507 555 578; x_wconf 79' lang='lat' dir='ltr'>maius</span> <span class='ocrx_word' id='word_1_14' title='bbox 579 506 684 564; x_wconf 85' lang='lat' dir='ltr'>ridebis</span> <span class='ocrx_word' id='word_1_15' title='bbox 710 514 771 580; x_wconf 90' lang='lat' dir='ltr'>post</span> <span class='ocrx_word' id='word_1_16' title='bbox 793 504 969 570; x_wconf 81' lang='lat' dir='ltr'>resurrectio-</span> <span class='ocrx_word' id='word_1_17' title='bbox 1024 503 1134 572; x_wconf 85' lang='lat' dir='ltr'>elusus,</span> <span class='ocrx_word' id='word_1_18' title='bbox 1151 517 1180 564; x_wconf 91' lang='grc' dir='ltr'>ιι</span> <span class='ocrx_word' id='word_1_19' title='bbox 1192 518 1221 566; x_wconf 90' lang='grc' dir='ltr'>ιι</span> <span class='ocrx_word' id='word_1_20' title='bbox 1233 510 1319 580; x_wconf 90' lang='lat' dir='ltr'>dicis,</span> <span class='ocrx_word' id='word_1_21' title='bbox 1338 530 1355 570; x_wconf 93' lang='lat' dir='ltr'>o</span> <span class='ocrx_word' id='word_1_22' title='bbox 1374 514 1486 584; x_wconf 77' lang='lat' dir='ltr'>tudae,</span> <span class='ocrx_word' id='word_1_23' title='bbox 1510 518 1537 574; x_wconf 90' lang='lat' dir='ltr'>in</span> <span class='ocrx_word' id='word_1_24' title='bbox 1558 521 1681 581; x_wconf 82' lang='lat' dir='ltr'>omnibns</span> <span class='ocrx_word' id='word_1_25' title='bbox 1706 525 1752 597; x_wconf 88' lang='lat' dir='ltr'>qul</span> <span class='ocrx_word' id='word_1_26' title='bbox 1775 543 1821 586; x_wconf 62' lang='lat' dir='ltr'>sn.</span> 
     </span>
     <span class='ocr_line' id='line_1_3' title="bbox 173 595 1821 690; baseline 0.003 -29"><span class='ocrx_word' id='word_1_27' title='bbox 173 621 234 665; x_wconf 88' lang='lat' dir='ltr'>nem</span> <span class='ocrx_word' id='word_1_28' title='bbox 247 602 391 661; x_wconf 76' lang='lat' dir='ltr'>affulsisse.</span> <span class='ocrx_word' id='word_1_29' title='bbox 408 598 547 670; x_wconf 86' lang='lat' dir='ltr'>Siquidem</span> <span class='ocrx_word' id='word_1_30' title='bbox 559 598 586 656; x_wconf 92' lang='lat' dir='ltr'>in</span> <span class='ocrx_word' id='word_1_31' title='bbox 601 597 727 656; x_wconf 86' lang='lat' dir='ltr'>coulesso</span> <span class='ocrx_word' id='word_1_32' title='bbox 738 608 781 656; x_wconf 84' lang='lat' dir='ltr'>est</span> <span class='ocrx_word' id='word_1_33' title='bbox 793 595 863 668; x_wconf 91' lang='lat' dir='ltr'>apud</span> <span class='ocrx_word' id='word_1_34' title='bbox 874 610 969 654; x_wconf 88' lang='lat' dir='ltr'>omues</span> <span class='ocrx_word' id='word_1_35' title='bbox 1013 598 1100 684; x_wconf 27' lang='lat' dir='ltr'>‚qunti</span> <span class='ocrx_word' id='word_1_36' title='bbox 1115 607 1177 656; x_wconf 89' lang='lat' dir='ltr'>sunt</span> <span class='ocrx_word' id='word_1_37' title='bbox 1190 601 1250 658; x_wconf 89' lang='lat' dir='ltr'>illos</span> <span class='ocrx_word' id='word_1_38' title='bbox 1261 611 1359 660; x_wconf 86' lang='grc' dir='ltr'>ιιιιιιι</span> <span class='ocrx_word' id='word_1_39' title='bbox 1373 599 1425 663; x_wconf 81' lang='lat' dir='ltr'>uim</span> <span class='ocrx_word' id='word_1_40' title='bbox 1438 609 1560 668; x_wconf 82' lang='lat' dir='ltr'>exhibuit</span> <span class='ocrx_word' id='word_1_41' title='bbox 1573 621 1725 690; x_wconf 70' lang='lat' dir='ltr'><strong>tantamque</strong></span> <span class='ocrx_word' id='word_1_42' title='bbox 1737 619 1821 680; x_wconf 84' lang='lat' dir='ltr'>virtu.</span> 
     </span>
     <span class='ocr_line' id='line_1_4' title="bbox 172 688 1819 782; baseline 0.012 -32"><span class='ocrx_word' id='word_1_43' title='bbox 172 714 246 764; x_wconf 80' lang='lat' dir='ltr'>enm,</span> <span class='ocrx_word' id='word_1_44' title='bbox 260 694 308 769; x_wconf 88' lang='lat' dir='ltr'>qui</span> <span class='ocrx_word' id='word_1_45' title='bbox 324 708 387 766; x_wconf 81' lang='lat' dir='ltr'>erqa</span> <span class='ocrx_word' id='word_1_46' title='bbox 409 693 544 748; x_wconf 85' lang='lat' dir='ltr'>uirentem</span> <span class='ocrx_word' id='word_1_47' title='bbox 558 691 695 748; x_wconf 89' lang='lat' dir='ltr'>bominem</span> <span class='ocrx_word' id='word_1_48' title='bbox 708 690 840 748; x_wconf 79' lang='lat' dir='ltr'>benevole</span> <span class='ocrx_word' id='word_1_49' title='bbox 852 691 889 748; x_wconf 88' lang='lat' dir='ltr'>sit</span> <span class='ocrx_word' id='word_1_50' title='bbox 904 688 970 746; x_wconf 85' lang='lat' dir='ltr'>atle-</span> <span class='ocrx_word' id='word_1_51' title='bbox 1023 697 1099 756; x_wconf 90' lang='lat' dir='ltr'>tem,</span> <span class='ocrx_word' id='word_1_52' title='bbox 1114 699 1143 746; x_wconf 91' lang='lat' dir='ltr'>ut</span> <span class='ocrx_word' id='word_1_53' title='bbox 1156 691 1197 748; x_wconf 89' lang='lat' dir='ltr'>eis</span> <span class='ocrx_word' id='word_1_54' title='bbox 1210 694 1403 766; x_wconf 87' lang='lat' dir='ltr'>persuaderet,</span> <span class='ocrx_word' id='word_1_55' title='bbox 1423 700 1509 758; x_wconf 81' lang='lat' dir='ltr'>solium</span> <span class='ocrx_word' id='word_1_56' title='bbox 1521 703 1598 760; x_wconf 92' lang='lat' dir='ltr'>illum</span> <span class='ocrx_word' id='word_1_57' title='bbox 1610 713 1640 762; x_wconf 95' lang='lat' dir='ltr'>ut</span> <span class='ocrx_word' id='word_1_58' title='bbox 1652 707 1796 768; x_wconf 71' lang='lat' dir='ltr'><strong>adorarent</strong></span> <span class='ocrx_word' id='word_1_59' title='bbox 1810 757 1819 782; x_wconf 91' lang='lat'>,</span> 
     </span>
     <span class='ocr_line' id='line_1_5' title="bbox 172 780 1819 870; baseline 0.005 -21"><span class='ocrx_word' id='word_1_60' title='bbox 172 789 313 861; x_wconf 84' lang='lat' dir='ltr'>ctus,ipeo</span> <span class='ocrx_word' id='word_1_61' title='bbox 322 783 786 856; x_wconf 80' lang='lat' dir='ltr'>mortuoiortaaseuequidemejm</span> <span class='ocrx_word' id='word_1_62' title='bbox 796 782 967 838; x_wconf 71' lang='lat' dir='ltr'>meminisse:</span> <span class='ocrx_word' id='word_1_63' title='bbox 1023 780 1166 854; x_wconf 83' lang='lat' dir='ltr'>omniaque</span> <span class='ocrx_word' id='word_1_64' title='bbox 1177 785 1311 842; x_wconf 87' lang='lat' dir='ltr'>sustinere</span> <span class='ocrx_word' id='word_1_65' title='bbox 1330 801 1362 844; x_wconf 87' lang='lat' dir='ltr'>sc</span> <span class='ocrx_word' id='word_1_66' title='bbox 1373 793 1476 861; x_wconf 88' lang='lat' dir='ltr'>perpeti</span> <span class='ocrx_word' id='word_1_67' title='bbox 1490 793 1621 864; x_wconf 86' lang='lat' dir='ltr'>mallent,</span> <span class='ocrx_word' id='word_1_68' title='bbox 1643 812 1723 870; x_wconf 77' lang='grc' dir='ltr'>ιιιιι</span> <span class='ocrx_word' id='word_1_69' title='bbox 1743 815 1819 857; x_wconf 87' lang='lat' dir='ltr'>suam</span> 
     </span>
     <span class='ocr_line' id='line_1_6' title="bbox 172 871 1821 955; baseline 0.007 -16"><span class='ocrx_word' id='word_1_70' title='bbox 172 883 218 955; x_wconf 91' lang='lat' dir='ltr'>qui</span> <span class='ocrx_word' id='word_1_71' title='bbox 233 896 296 937; x_wconf 81' lang='lat' dir='ltr'>uero</span> <span class='ocrx_word' id='word_1_72' title='bbox 309 877 380 936; x_wconf 86' lang='lat' dir='ltr'>malo</span> <span class='ocrx_word' id='word_1_73' title='bbox 401 875 513 934; x_wconf 85' lang='lat' dir='ltr'>allectus</span> <span class='ocrx_word' id='word_1_74' title='bbox 526 877 562 932; x_wconf 88' lang='lat' dir='ltr'>sit</span> <span class='ocrx_word' id='word_1_75' title='bbox 575 890 639 947; x_wconf 68' lang='lat' dir='ltr'>erga</span> <span class='ocrx_word' id='word_1_76' title='bbox 661 875 735 932; x_wconf 90' lang='lat' dir='ltr'>illum</span> <span class='ocrx_word' id='word_1_77' title='bbox 748 915 757 942; x_wconf 93' lang='lat'>,</span> <span class='ocrx_word' id='word_1_78' title='bbox 771 873 835 931; x_wconf 93' lang='lat' dir='ltr'>dum</span> <span class='ocrx_word' id='word_1_79' title='bbox 854 875 982 944; x_wconf 74' lang='lat' dir='ltr'>vireret,</span> <span class='ocrx_word' id='word_1_80' title='bbox 1023 871 1051 926; x_wconf 92' lang='lat' dir='ltr'>in</span> <span class='ocrx_word' id='word_1_81' title='bbox 1072 871 1146 928; x_wconf 90' lang='lat' dir='ltr'>illum</span> <span class='ocrx_word' id='word_1_82' title='bbox 1165 873 1244 931; x_wconf 90' lang='lat' dir='ltr'>lldem</span> <span class='ocrx_word' id='word_1_83' title='bbox 1262 876 1406 936; x_wconf 82' lang='lat' dir='ltr'>amitteret</span> <span class='ocrx_word' id='word_1_84' title='bbox 1423 879 1504 939; x_wconf 77' lang='lat' dir='ltr'>Vides</span> <span class='ocrx_word' id='word_1_85' title='bbox 1522 883 1549 940; x_wconf 92' lang='lat' dir='ltr'>in</span> <span class='ocrx_word' id='word_1_86' title='bbox 1568 887 1692 946; x_wconf 87' lang='lat' dir='ltr'>omnibus</span> <span class='ocrx_word' id='word_1_87' title='bbox 1718 901 1821 949; x_wconf 88' lang='lat' dir='ltr'>certam</span> 
     </span>
     <span class='ocr_line' id='line_1_7' title="bbox 171 965 1821 1048; baseline 0.007 -20"><span class='ocrx_word' id='word_1_88' title='bbox 171 983 199 1028; x_wconf 90' lang='grc' dir='ltr'>ιι</span> <span class='ocrx_word' id='word_1_89' title='bbox 211 969 385 1042; x_wconf 88' lang='lat' dir='ltr'>superstitem</span> <span class='ocrx_word' id='word_1_90' title='bbox 398 966 558 1034; x_wconf 76' lang='lat' dir='ltr'>deseruerit,</span> <span class='ocrx_word' id='word_1_91' title='bbox 575 966 660 1022; x_wconf 90' lang='lat' dir='ltr'>multo</span> <span class='ocrx_word' id='word_1_92' title='bbox 672 965 758 1038; x_wconf 73' lang='lat' dir='ltr'>magis</span> <span class='ocrx_word' id='word_1_93' title='bbox 782 967 969 1024; x_wconf 79' lang='lat' dir='ltr'>immemorem</span> <span class='ocrx_word' id='word_1_94' title='bbox 1022 965 1227 1023; x_wconf 89' lang='lat' dir='ltr'>resurrectionis</span> <span class='ocrx_word' id='word_1_95' title='bbox 1241 969 1487 1040; x_wconf 77' lang='lat' dir='ltr'>comprobationem</span> <span class='ocrx_word' id='word_1_96' title='bbox 1501 975 1628 1048; x_wconf 89' lang='lat' dir='ltr'>elucere,</span> <span class='ocrx_word' id='word_1_97' title='bbox 1644 995 1706 1039; x_wconf 91' lang='lat' dir='ltr'>cum</span> <span class='ocrx_word' id='word_1_98' title='bbox 1727 997 1760 1040; x_wconf 82' lang='lat' dir='ltr'>es</span> <span class='ocrx_word' id='word_1_99' title='bbox 1782 985 1821 1039; x_wconf 90' lang='lat' dir='ltr'>si-</span> 
     </span>
     <span class='ocr_line' id='line_1_8' title="bbox 171 1056 1861 1139; baseline 0.007 -20"><span class='ocrx_word' id='word_1_100' title='bbox 171 1061 290 1120; x_wconf 85' lang='lat' dir='ltr'>deluncti</span> <span class='ocrx_word' id='word_1_101' title='bbox 304 1061 435 1118; x_wconf 80' lang='lat' dir='ltr'>futurum.</span> <span class='ocrx_word' id='word_1_102' title='bbox 456 1059 516 1128; x_wconf 78' lang='lat' dir='ltr'>Quo</span> <span class='ocrx_word' id='word_1_103' title='bbox 538 1057 577 1125; x_wconf 85' lang='lat' dir='ltr'>m,</span> <span class='ocrx_word' id='word_1_104' title='bbox 590 1066 621 1114; x_wconf 94' lang='lat' dir='ltr'>ut</span> <span class='ocrx_word' id='word_1_105' title='bbox 630 1073 710 1136; x_wconf 85' lang='lat' dir='ltr'>nemo</span> <span class='ocrx_word' id='word_1_106' title='bbox 722 1057 768 1132; x_wconf 95' lang='lat' dir='ltr'>qui</span> <span class='ocrx_word' id='word_1_107' title='bbox 781 1058 898 1116; x_wconf 89' lang='lat' dir='ltr'>amicum</span> <span class='ocrx_word' id='word_1_108' title='bbox 910 1073 970 1116; x_wconf 85' lang='lat' dir='ltr'>ma-</span> <span class='ocrx_word' id='word_1_109' title='bbox 1021 1056 1083 1128; x_wconf 73' lang='lat' dir='ltr'>eois</span> <span class='ocrx_word' id='word_1_110' title='bbox 1094 1073 1154 1129; x_wconf 85' lang='lat' dir='ltr'>quse</span> <span class='ocrx_word' id='word_1_111' title='bbox 1167 1066 1222 1114; x_wconf 91' lang='lat' dir='ltr'>tum</span> <span class='ocrx_word' id='word_1_112' title='bbox 1238 1058 1307 1118; x_wconf 89' lang='lat' dir='ltr'>lacta</span> <span class='ocrx_word' id='word_1_113' title='bbox 1317 1070 1522 1138; x_wconf 86' lang='lat' dir='ltr'>sttnt,quacque</span> <span class='ocrx_word' id='word_1_114' title='bbox 1536 1083 1609 1128; x_wconf 88' lang='lat' dir='ltr'>nunc</span> <span class='ocrx_word' id='word_1_115' title='bbox 1618 1068 1704 1139; x_wconf 88' lang='lat' dir='ltr'>dunt,</span> <span class='ocrx_word' id='word_1_116' title='bbox 1719 1080 1775 1129; x_wconf 93' lang='lat' dir='ltr'>tum</span> <span class='ocrx_word' id='word_1_117' title='bbox 1786 1087 1821 1130; x_wconf 81' lang='lat' dir='ltr'>ex</span> <span class='ocrx_word' id='word_1_118' title='bbox 1858 1061 1861 1066; x_wconf 74' lang='grc'><strong>’</strong></span> 
     </span>
     <span class='ocr_line' id='line_1_9' title="bbox 171 1143 1823 1238; baseline 0.007 -27"><span class='ocrx_word' id='word_1_119' title='bbox 171 1143 318 1228; x_wconf 73' lang='lat' dir='ltr'>qistrnmre</span> <span class='ocrx_word' id='word_1_120' title='bbox 328 1154 499 1226; x_wconf 68' lang='lat' dir='ltr'>superstitem</span> <span class='ocrx_word' id='word_1_121' title='bbox 521 1151 659 1226; x_wconf 80' lang='lat' dir='ltr'>reliquerit</span> <span class='ocrx_word' id='word_1_122' title='bbox 677 1167 709 1209; x_wconf 89' lang='lat' dir='ltr'>ac</span> <span class='ocrx_word' id='word_1_123' title='bbox 730 1153 890 1221; x_wconf 82' lang='lat' dir='ltr'>deseruerit,</span> <span class='ocrx_word' id='word_1_124' title='bbox 913 1153 969 1210; x_wconf 82' lang='lat' dir='ltr'>uita</span> <span class='ocrx_word' id='word_1_125' title='bbox 1023 1148 1216 1221; x_wconf 82' lang='lat' dir='ltr'>discipulorum</span> <span class='ocrx_word' id='word_1_126' title='bbox 1229 1152 1415 1213; x_wconf 83' lang='lat' dir='ltr'>benevolentia</span> <span class='ocrx_word' id='word_1_127' title='bbox 1426 1198 1435 1224; x_wconf 95' lang='lat'>,</span> <span class='ocrx_word' id='word_1_128' title='bbox 1448 1159 1493 1230; x_wconf 90' lang='lat' dir='ltr'>qui</span> <span class='ocrx_word' id='word_1_129' title='bbox 1506 1167 1561 1218; x_wconf 91' lang='lat' dir='ltr'>tum</span> <span class='ocrx_word' id='word_1_130' title='bbox 1575 1162 1721 1233; x_wconf 77' lang='lat' dir='ltr'>vivebant,</span> <span class='ocrx_word' id='word_1_131' title='bbox 1735 1175 1762 1223; x_wconf 86' lang='grc' dir='ltr'>ιι</span> <span class='ocrx_word' id='word_1_132' title='bbox 1775 1167 1823 1238; x_wconf 89' lang='lat' dir='ltr'>qui</span> 
     </span>
     <span class='ocr_line' id='line_1_10' title="bbox 173 1241 1822 1328; baseline 0.004 -20"><span class='ocrx_word' id='word_1_133' title='bbox 173 1251 294 1308; x_wconf 87' lang='lat' dir='ltr'>iunctum</span> <span class='ocrx_word' id='word_1_134' title='bbox 318 1248 427 1320; x_wconf 91' lang='lat' dir='ltr'>plurimi</span> <span class='ocrx_word' id='word_1_135' title='bbox 445 1247 532 1314; x_wconf 90' lang='lat' dir='ltr'>iaciat,</span> <span class='ocrx_word' id='word_1_136' title='bbox 549 1261 581 1302; x_wconf 90' lang='lat' dir='ltr'>ac</span> <span class='ocrx_word' id='word_1_137' title='bbox 592 1255 649 1303; x_wconf 92' lang='lat' dir='ltr'>tum</span> <span class='ocrx_word' id='word_1_138' title='bbox 664 1246 815 1318; x_wconf 85' lang='lat' dir='ltr'>praecipue,</span> <span class='ocrx_word' id='word_1_139' title='bbox 829 1261 891 1304; x_wconf 91' lang='lat' dir='ltr'>enm</span> <span class='ocrx_word' id='word_1_140' title='bbox 903 1261 968 1318; x_wconf 81' lang='lat' dir='ltr'>pro·</span> <span class='ocrx_word' id='word_1_141' title='bbox 1023 1256 1095 1298; x_wconf 90' lang='lat' dir='ltr'>nunc</span> <span class='ocrx_word' id='word_1_142' title='bbox 1110 1241 1220 1312; x_wconf 81' lang='lat' dir='ltr'>uiuunt,</span> <span class='ocrx_word' id='word_1_143' title='bbox 1233 1253 1334 1303; x_wconf 77' lang='lat' dir='ltr'>tumes</span> <span class='ocrx_word' id='word_1_144' title='bbox 1346 1247 1473 1318; x_wconf 90' lang='lat' dir='ltr'>periculis</span> <span class='ocrx_word' id='word_1_145' title='bbox 1485 1250 1620 1325; x_wconf 89' lang='lat' dir='ltr'>inquibus</span> <span class='ocrx_word' id='word_1_146' title='bbox 1632 1269 1741 1328; x_wconf 86' lang='lat' dir='ltr'>semper</span> <span class='ocrx_word' id='word_1_147' title='bbox 1754 1256 1822 1313; x_wconf 92' lang='lat' dir='ltr'>llde-</span> 
     </span>
     <span class='ocr_line' id='line_1_11' title="bbox 172 1332 1823 1418; baseline 0.002 -18"><span class='ocrx_word' id='word_1_148' title='bbox 172 1352 232 1416; x_wconf 86' lang='lat' dir='ltr'>pter</span> <span class='ocrx_word' id='word_1_149' title='bbox 244 1341 392 1398; x_wconf 83' lang='lat' dir='ltr'>exhibitam</span> <span class='ocrx_word' id='word_1_150' title='bbox 405 1341 432 1396; x_wconf 88' lang='grc' dir='ltr'>ιι</span> <span class='ocrx_word' id='word_1_151' title='bbox 453 1355 516 1396; x_wconf 92' lang='lat' dir='ltr'>eum</span> <span class='ocrx_word' id='word_1_152' title='bbox 527 1338 742 1396; x_wconf 77' lang='lat' dir='ltr'>benevolentiam</span> <span class='ocrx_word' id='word_1_153' title='bbox 756 1339 830 1397; x_wconf 89' lang='lat' dir='ltr'>mille</span> <span class='ocrx_word' id='word_1_154' title='bbox 849 1339 968 1412; x_wconf 88' lang='lat' dir='ltr'>pericula</span> <span class='ocrx_word' id='word_1_155' title='bbox 1022 1332 1064 1392; x_wconf 88' lang='lat' dir='ltr'>les</span> <span class='ocrx_word' id='word_1_156' title='bbox 1092 1335 1289 1418; x_wconf 81' lang='lat' dir='ltr'>versabamurl</span> <span class='ocrx_word' id='word_1_157' title='bbox 1314 1338 1396 1398; x_wconf 79' lang='lat' dir='ltr'>visne</span> <span class='ocrx_word' id='word_1_158' title='bbox 1422 1341 1569 1400; x_wconf 82' lang='grc' dir='ltr'>ιιιιιιιιιιι</span> <span class='ocrx_word' id='word_1_159' title='bbox 1592 1345 1685 1404; x_wconf 84' lang='lat' dir='ltr'>hostes</span> <span class='ocrx_word' id='word_1_160' title='bbox 1710 1361 1823 1404; x_wconf 89' lang='lat' dir='ltr'>cernere</span> 
     </span>
     <span class='ocr_line' id='line_1_12' title="bbox 171 1427 1822 1508; baseline 0.001 -16"><span class='ocrx_word' id='word_1_161' title='bbox 171 1434 224 1492; x_wconf 87' lang='lat' dir='ltr'>sibi</span> <span class='ocrx_word' id='word_1_162' title='bbox 237 1433 334 1490; x_wconf 83' lang='lat' dir='ltr'>viderit</span> <span class='ocrx_word' id='word_1_163' title='bbox 355 1432 506 1488; x_wconf 89' lang='lat' dir='ltr'>imminere.</span> <span class='ocrx_word' id='word_1_164' title='bbox 521 1430 593 1488; x_wconf 84' lang='lat' dir='ltr'>Ecce</span> <span class='ocrx_word' id='word_1_165' title='bbox 619 1439 708 1486; x_wconf 77' lang='lat' dir='ltr'>umen</span> <span class='ocrx_word' id='word_1_166' title='bbox 732 1429 881 1502; x_wconf 89' lang='lat' dir='ltr'>illudquod</span> <span class='ocrx_word' id='word_1_167' title='bbox 903 1431 968 1488; x_wconf 87' lang='lat' dir='ltr'>nulli</span> <span class='ocrx_word' id='word_1_168' title='bbox 1021 1427 1169 1496; x_wconf 85' lang='lat' dir='ltr'>potentiam</span> <span class='ocrx_word' id='word_1_169' title='bbox 1184 1442 1216 1486; x_wconf 87' lang='lat' dir='ltr'>ac</span> <span class='ocrx_word' id='word_1_170' title='bbox 1229 1429 1356 1487; x_wconf 79' lang='lat' dir='ltr'>rirtmem</span> <span class='ocrx_word' id='word_1_171' title='bbox 1375 1431 1434 1504; x_wconf 79' lang='lat' dir='ltr'>ejus</span> <span class='ocrx_word' id='word_1_172' title='bbox 1452 1434 1663 1508; x_wconf 69' lang='lat' dir='ltr'>pertimescere,</span> <span class='ocrx_word' id='word_1_173' title='bbox 1685 1453 1718 1496; x_wconf 89' lang='lat' dir='ltr'>ac</span> <span class='ocrx_word' id='word_1_174' title='bbox 1737 1439 1822 1494; x_wconf 90' lang='lat' dir='ltr'>multo</span> 
     </span>
     <span class='ocr_line' id='line_1_13' title="bbox 171 1517 1821 1602; baseline 0.005 -22"><span class='ocrx_word' id='word_1_175' title='bbox 171 1524 279 1592; x_wconf 85' lang='lat' dir='ltr'>accidit,</span> <span class='ocrx_word' id='word_1_176' title='bbox 295 1524 323 1580; x_wconf 91' lang='lat' dir='ltr'>in</span> <span class='ocrx_word' id='word_1_177' title='bbox 345 1523 454 1580; x_wconf 77' lang='lat' dir='ltr'>cbristo</span> <span class='ocrx_word' id='word_1_178' title='bbox 464 1530 494 1580; x_wconf 88' lang='lat' dir='ltr'>et</span> <span class='ocrx_word' id='word_1_179' title='bbox 504 1520 644 1594; x_wconf 81' lang='lat' dir='ltr'>discipulis</span> <span class='ocrx_word' id='word_1_180' title='bbox 657 1521 758 1588; x_wconf 80' lang='lat' dir='ltr'>evenit,</span> <span class='ocrx_word' id='word_1_181' title='bbox 773 1531 802 1580; x_wconf 91' lang='lat' dir='ltr'>et</span> <span class='ocrx_word' id='word_1_182' title='bbox 814 1522 861 1593; x_wconf 89' lang='lat' dir='ltr'>qui</span> <span class='ocrx_word' id='word_1_183' title='bbox 873 1522 967 1579; x_wconf 85' lang='lat' dir='ltr'>vivon·</span> <span class='ocrx_word' id='word_1_184' title='bbox 1021 1517 1138 1590; x_wconf 84' lang='lat' dir='ltr'>amplius</span> <span class='ocrx_word' id='word_1_185' title='bbox 1150 1529 1210 1592; x_wconf 89' lang='lat' dir='ltr'>post</span> <span class='ocrx_word' id='word_1_186' title='bbox 1224 1535 1332 1580; x_wconf 87' lang='lat' dir='ltr'>crucem</span> <span class='ocrx_word' id='word_1_187' title='bbox 1345 1527 1481 1583; x_wconf 80' lang='lat' dir='ltr'>aestuare?</span> <span class='ocrx_word' id='word_1_188' title='bbox 1494 1527 1565 1584; x_wconf 79' lang='lat' dir='ltr'>Audi</span> <span class='ocrx_word' id='word_1_189' title='bbox 1576 1543 1641 1586; x_wconf 88' lang='lat' dir='ltr'>sane</span> <span class='ocrx_word' id='word_1_190' title='bbox 1655 1529 1821 1602; x_wconf 86' lang='lat' dir='ltr'>prudenter,</span> 
     </span>
     <span class='ocr_line' id='line_1_14' title="bbox 172 1607 1823 1695; baseline 0.005 -24"><span class='ocrx_word' id='word_1_191' title='bbox 172 1623 228 1673; x_wconf 85' lang='lat' dir='ltr'>tem</span> <span class='ocrx_word' id='word_1_192' title='bbox 240 1615 316 1671; x_wconf 86' lang='lat' dir='ltr'>illurn</span> <span class='ocrx_word' id='word_1_193' title='bbox 328 1623 494 1685; x_wconf 68' lang='lat' dir='ltr'>negaverant</span> <span class='ocrx_word' id='word_1_194' title='bbox 506 1628 538 1670; x_wconf 90' lang='lat' dir='ltr'>ac</span> <span class='ocrx_word' id='word_1_195' title='bbox 550 1612 737 1680; x_wconf 88' lang='lat' dir='ltr'>deseruerant,</span> <span class='ocrx_word' id='word_1_196' title='bbox 747 1621 776 1669; x_wconf 91' lang='grc' dir='ltr'>ιι</span> <span class='ocrx_word' id='word_1_197' title='bbox 788 1612 969 1685; x_wconf 84' lang='lat' dir='ltr'>comproben-</span> <span class='ocrx_word' id='word_1_198' title='bbox 1021 1607 1086 1680; x_wconf 81' lang='lat' dir='ltr'>quid</span> <span class='ocrx_word' id='word_1_199' title='bbox 1098 1609 1132 1667; x_wconf 91' lang='lat' dir='ltr'>de</span> <span class='ocrx_word' id='word_1_200' title='bbox 1143 1611 1185 1668; x_wconf 88' lang='lat' dir='ltr'>bis</span> <span class='ocrx_word' id='word_1_201' title='bbox 1203 1614 1331 1686; x_wconf 90' lang='lat' dir='ltr'>scriptum</span> <span class='ocrx_word' id='word_1_202' title='bbox 1348 1616 1393 1672; x_wconf 89' lang='lat' dir='ltr'>sit.</span> <span class='ocrx_word' id='word_1_203' title='bbox 1415 1616 1478 1673; x_wconf 79' lang='lat' dir='ltr'>Curre</span> <span class='ocrx_word' id='word_1_204' title='bbox 1495 1621 1563 1676; x_wconf 86' lang='lat' dir='ltr'>euim</span> <span class='ocrx_word' id='word_1_205' title='bbox 1583 1621 1714 1688; x_wconf 76' lang='lat' dir='ltr'>uiderem,</span> <span class='ocrx_word' id='word_1_206' title='bbox 1735 1623 1823 1695; x_wconf 83' lang='lat' dir='ltr'>inquit</span> 
     </span>
     <span class='ocr_line' id='line_1_15' title="bbox 172 1701 1823 1784; baseline 0.002 -18"><span class='ocrx_word' id='word_1_207' title='bbox 172 1707 428 1779; x_wconf 84' lang='lat' dir='ltr'>sumreliquerant,</span> <span class='ocrx_word' id='word_1_208' title='bbox 442 1714 470 1764; x_wconf 90' lang='lat' dir='ltr'>et</span> <span class='ocrx_word' id='word_1_209' title='bbox 490 1703 658 1778; x_wconf 78' lang='lat' dir='ltr'>auluqerant,</span> <span class='ocrx_word' id='word_1_210' title='bbox 683 1715 744 1778; x_wconf 89' lang='lat' dir='ltr'>post</span> <span class='ocrx_word' id='word_1_211' title='bbox 761 1706 901 1762; x_wconf 88' lang='lat' dir='ltr'>innumera</span> <span class='ocrx_word' id='word_1_212' title='bbox 922 1706 968 1762; x_wconf 92' lang='lat' dir='ltr'>illa</span> <span class='ocrx_word' id='word_1_213' title='bbox 996 1701 1180 1776; x_wconf 60' lang='lat' dir='ltr'>,Scriptum</span> <span class='ocrx_word' id='word_1_214' title='bbox 1207 1703 1295 1764; x_wconf 79' lang='lat' dir='ltr'>iudei</span> <span class='ocrx_word' id='word_1_215' title='bbox 1317 1706 1391 1764; x_wconf 78' lang='lat' dir='ltr'>Petri</span> <span class='ocrx_word' id='word_1_216' title='bbox 1411 1710 1439 1765; x_wconf 86' lang='lat' dir='ltr'>ie</span> <span class='ocrx_word' id='word_1_217' title='bbox 1465 1710 1591 1784; x_wconf 75' lang='lat' dir='ltr'>loquendo</span> <span class='ocrx_word' id='word_1_218' title='bbox 1616 1713 1770 1783; x_wconf 81' lang='lat' dir='ltr'>libertatem,</span> <span class='ocrx_word' id='word_1_219' title='bbox 1797 1723 1823 1770; x_wconf 87' lang='lat' dir='ltr'>et</span> 
     </span>
     <span class='ocr_line' id='line_1_16' title="bbox 171 1795 1820 1874; baseline 0.005 -16"><span class='ocrx_word' id='word_1_220' title='bbox 171 1801 328 1874; x_wconf 86' lang='lat' dir='ltr'>opprobria,</span> <span class='ocrx_word' id='word_1_221' title='bbox 341 1809 370 1857; x_wconf 90' lang='lat' dir='ltr'>et</span> <span class='ocrx_word' id='word_1_222' title='bbox 383 1814 501 1868; x_wconf 90' lang='lat' dir='ltr'>crucem,</span> <span class='ocrx_word' id='word_1_223' title='bbox 516 1799 582 1856; x_wconf 91' lang='lat' dir='ltr'>tanti</span> <span class='ocrx_word' id='word_1_224' title='bbox 595 1814 657 1856; x_wconf 92' lang='lat' dir='ltr'>eum</span> <span class='ocrx_word' id='word_1_225' title='bbox 671 1799 805 1868; x_wconf 87' lang='lat' dir='ltr'>iecerunt,</span> <span class='ocrx_word' id='word_1_226' title='bbox 819 1806 851 1854; x_wconf 94' lang='lat' dir='ltr'>ut</span> <span class='ocrx_word' id='word_1_227' title='bbox 863 1814 912 1870; x_wconf 90' lang='lat' dir='ltr'>pro</span> <span class='ocrx_word' id='word_1_228' title='bbox 924 1799 967 1869; x_wconf 87' lang='lat' dir='ltr'>ip·</span> <span class='ocrx_word' id='word_1_229' title='bbox 1020 1795 1148 1868; x_wconf 78' lang='lat' dir='ltr'>lamec,</span> <span class='ocrx_word' id='word_1_230' title='bbox 1160 1807 1234 1869; x_wconf 79' lang='grc' dir='ltr'>ιιιιι</span> <span class='ocrx_word' id='word_1_231' title='bbox 1244 1801 1473 1860; x_wconf 82' lang='lat' dir='ltr'>animaduerterent</span> <span class='ocrx_word' id='word_1_232' title='bbox 1485 1805 1599 1864; x_wconf 74' lang='lat' dir='ltr'>homines</span> <span class='ocrx_word' id='word_1_233' title='bbox 1612 1807 1672 1865; x_wconf 86' lang='lat' dir='ltr'>illua</span> <span class='ocrx_word' id='word_1_234' title='bbox 1687 1807 1820 1866; x_wconf 77' lang='lat' dir='ltr'>literarum</span> 
     </span>
     <span class='ocr_line' id='line_1_17' title="bbox 172 1885 1824 1972; baseline 0.004 -20"><span class='ocrx_word' id='word_1_235' title='bbox 172 1897 232 1954; x_wconf 86' lang='lat' dir='ltr'>sius</span> <span class='ocrx_word' id='word_1_236' title='bbox 238 1896 405 1953; x_wconf 80' lang='lat' dir='ltr'>conlassicnc</span> <span class='ocrx_word' id='word_1_237' title='bbox 414 1910 447 1952; x_wconf 87' lang='lat' dir='ltr'>ac</span> <span class='ocrx_word' id='word_1_238' title='bbox 454 1894 508 1952; x_wconf 91' lang='lat' dir='ltr'>llde</span> <span class='ocrx_word' id='word_1_239' title='bbox 520 1885 710 1952; x_wconf 84' lang='lat' dir='ltr'>animasetiam</span> <span class='ocrx_word' id='word_1_240' title='bbox 718 1911 782 1952; x_wconf 89' lang='lat' dir='ltr'>suas</span> <span class='ocrx_word' id='word_1_241' title='bbox 790 1904 966 1968; x_wconf 78' lang='lat' dir='ltr'>exponerent.</span> <span class='ocrx_word' id='word_1_242' title='bbox 1021 1889 1098 1948; x_wconf 79' lang='lat' dir='ltr'>rudes</span> <span class='ocrx_word' id='word_1_243' title='bbox 1112 1899 1135 1947; x_wconf 84' lang='lat' dir='ltr'>st</span> <span class='ocrx_word' id='word_1_244' title='bbox 1146 1893 1277 1962; x_wconf 80' lang='lat' dir='ltr'>imperitos</span> <span class='ocrx_word' id='word_1_245' title='bbox 1289 1911 1359 1964; x_wconf 84' lang='lat' dir='ltr'>erse,</span> <span class='ocrx_word' id='word_1_246' title='bbox 1383 1897 1541 1956; x_wconf 74' lang='lat' dir='ltr'>curabantur</span> <span class='ocrx_word' id='word_1_247' title='bbox 1562 1898 1640 1972; x_wconf 78' lang='lat' dir='ltr'>(Aet.</span> <span class='ocrx_word' id='word_1_248' title='bbox 1651 1901 1679 1958; x_wconf 82' lang='lat' dir='ltr'>l.</span> <span class='ocrx_word' id='word_1_249' title='bbox 1692 1901 1727 1958; x_wconf 76' lang='lat' dir='ltr'>tc</span> <span class='ocrx_word' id='word_1_250' title='bbox 1743 1902 1770 1972; x_wconf 90' lang='lat'>),</span> <span class='ocrx_word' id='word_1_251' title='bbox 1794 1906 1824 1957; x_wconf 81' lang='lat' dir='ltr'>et</span> 
     </span>
     <span class='ocr_line' id='line_1_18' title="bbox 172 1981 1822 2064; baseline 0.001 -18"><span class='ocrx_word' id='word_1_252' title='bbox 172 1988 317 2046; x_wconf 80' lang='lat' dir='ltr'>Enimvero</span> <span class='ocrx_word' id='word_1_253' title='bbox 335 1988 359 2045; x_wconf 89' lang='lat' dir='ltr'>si</span> <span class='ocrx_word' id='word_1_254' title='bbox 372 1995 495 2045; x_wconf 86' lang='lat' dir='ltr'>mortuus</span> <span class='ocrx_word' id='word_1_255' title='bbox 518 1986 615 2046; x_wconf 86' lang='lat' dir='ltr'>luisset</span> <span class='ocrx_word' id='word_1_256' title='bbox 628 1985 863 2060; x_wconf 65' lang='lat' dir='ltr'>chrismatisque</span> <span class='ocrx_word' id='word_1_257' title='bbox 875 2003 967 2044; x_wconf 89' lang='lat' dir='ltr'>resur-</span> <span class='ocrx_word' id='word_1_258' title='bbox 1021 1983 1180 2041; x_wconf 89' lang='lat' dir='ltr'>metuebant</span> <span class='ocrx_word' id='word_1_259' title='bbox 1190 1999 1245 2042; x_wconf 91' lang='lat' dir='ltr'>uon</span> <span class='ocrx_word' id='word_1_260' title='bbox 1256 1987 1328 2057; x_wconf 93' lang='lat' dir='ltr'>quod</span> <span class='ocrx_word' id='word_1_261' title='bbox 1342 1989 1435 2046; x_wconf 85' lang='lat' dir='ltr'>literas</span> <span class='ocrx_word' id='word_1_262' title='bbox 1446 1991 1582 2048; x_wconf 85' lang='lat' dir='ltr'>nescirent</span> <span class='ocrx_word' id='word_1_263' title='bbox 1593 2032 1601 2058; x_wconf 93' lang='lat'>,</span> <span class='ocrx_word' id='word_1_264' title='bbox 1614 1990 1663 2048; x_wconf 92' lang='lat' dir='ltr'>sed</span> <span class='ocrx_word' id='word_1_265' title='bbox 1674 1981 1746 2064; x_wconf 88' lang='lat' dir='ltr'>quud</span> <span class='ocrx_word' id='word_1_266' title='bbox 1758 2005 1822 2048; x_wconf 91' lang='lat' dir='ltr'>cum</span> 
     </span>
     <span class='ocr_line' id='line_1_19' title="bbox 171 2074 1823 2154; baseline 0 -16"><span class='ocrx_word' id='word_1_267' title='bbox 171 2081 298 2149; x_wconf 78' lang='lat' dir='ltr'>rexisset,</span> <span class='ocrx_word' id='word_1_268' title='bbox 324 2081 369 2152; x_wconf 92' lang='lat' dir='ltr'>qui</span> <span class='ocrx_word' id='word_1_269' title='bbox 387 2079 447 2138; x_wconf 83' lang='lat' dir='ltr'>deri</span> <span class='ocrx_word' id='word_1_270' title='bbox 466 2080 651 2153; x_wconf 59' lang='lat' dir='ltr'>potuissemus</span> <span class='ocrx_word' id='word_1_271' title='bbox 663 2081 719 2152; x_wconf 88' lang='lat' dir='ltr'>qni,</span> <span class='ocrx_word' id='word_1_272' title='bbox 742 2079 807 2136; x_wconf 87' lang='lat' dir='ltr'>dum</span> <span class='ocrx_word' id='word_1_273' title='bbox 831 2089 968 2151; x_wconf 87' lang='lat' dir='ltr'>superstes</span> <span class='ocrx_word' id='word_1_274' title='bbox 1022 2074 1141 2134; x_wconf 84' lang='lat' dir='ltr'>illiterati</span> <span class='ocrx_word' id='word_1_275' title='bbox 1160 2087 1252 2134; x_wconf 86' lang='lat' dir='ltr'>essent</span> <span class='ocrx_word' id='word_1_276' title='bbox 1270 2093 1367 2137; x_wconf 87' lang='lat' dir='ltr'>omnes</span> <span class='ocrx_word' id='word_1_277' title='bbox 1385 2082 1519 2152; x_wconf 85' lang='lat' dir='ltr'>sapientes</span> <span class='ocrx_word' id='word_1_278' title='bbox 1539 2081 1696 2152; x_wconf 89' lang='lat' dir='ltr'>uincerent,</span> <span class='ocrx_word' id='word_1_279' title='bbox 1711 2083 1823 2154; x_wconf 78' lang='lat' dir='ltr'>dunque</span> 
     </span>
     <span class='ocr_line' id='line_1_20' title="bbox 171 2161 1822 2248; baseline 0.001 -20"><span class='ocrx_word' id='word_1_280' title='bbox 171 2179 257 2240; x_wconf 84' lang='lat' dir='ltr'>esset,</span> <span class='ocrx_word' id='word_1_281' title='bbox 269 2171 305 2228; x_wconf 90' lang='lat' dir='ltr'>ob</span> <span class='ocrx_word' id='word_1_282' title='bbox 318 2172 467 2242; x_wconf 88' lang='lat' dir='ltr'>periculum</span> <span class='ocrx_word' id='word_1_283' title='bbox 487 2170 631 2229; x_wconf 85' lang='lat' dir='ltr'>imminens</span> <span class='ocrx_word' id='word_1_284' title='bbox 643 2172 821 2244; x_wconf 77' lang='lat' dir='ltr'>superant,eo</span> <span class='ocrx_word' id='word_1_285' title='bbox 839 2173 895 2244; x_wconf 83' lang='lat' dir='ltr'>jam</span> <span class='ocrx_word' id='word_1_286' title='bbox 914 2173 967 2228; x_wconf 84' lang='lat' dir='ltr'>uita</span> <span class='ocrx_word' id='word_1_287' title='bbox 1023 2167 1151 2224; x_wconf 78' lang='lat' dir='ltr'>morinen</span> <span class='ocrx_word' id='word_1_288' title='bbox 1169 2180 1318 2238; x_wconf 72' lang='lat' dir='ltr'>emeat,</span> <span class='ocrx_word' id='word_1_289' title='bbox 1340 2173 1384 2244; x_wconf 86' lang='lat' dir='ltr'>qui</span> <span class='ocrx_word' id='word_1_290' title='bbox 1402 2181 1508 2230; x_wconf 75' lang='lat' dir='ltr'>cauatam</span> <span class='ocrx_word' id='word_1_291' title='bbox 1527 2183 1599 2241; x_wconf 79' lang='grc' dir='ltr'>ιιιι,</span> <span class='ocrx_word' id='word_1_292' title='bbox 1618 2161 1684 2230; x_wconf 81' lang='lat' dir='ltr'>nibil</span> <span class='ocrx_word' id='word_1_293' title='bbox 1706 2184 1822 2248; x_wconf 80' lang='lat' dir='ltr'>potarem</span> 
     </span>
     <span class='ocr_line' id='line_1_21' title="bbox 171 2253 1822 2337; baseline 0.008 -25"><span class='ocrx_word' id='word_1_294' title='bbox 171 2253 276 2331; x_wconf 73' lang='grc' dir='ltr'>[ιἰιιιο,</span> <span class='ocrx_word' id='word_1_295' title='bbox 290 2272 401 2335; x_wconf 79' lang='lat' dir='ltr'>propter</span> <span class='ocrx_word' id='word_1_296' title='bbox 420 2263 496 2320; x_wconf 84' lang='lat' dir='ltr'>ilium</span> <span class='ocrx_word' id='word_1_297' title='bbox 518 2264 594 2320; x_wconf 80' lang='lat' dir='ltr'>mille</span> <span class='ocrx_word' id='word_1_298' title='bbox 613 2265 855 2337; x_wconf 74' lang='lat' dir='ltr'>periculioeeipsos</span> <span class='ocrx_word' id='word_1_299' title='bbox 868 2265 969 2336; x_wconf 80' lang='lat' dir='ltr'>objice·</span> <span class='ocrx_word' id='word_1_300' title='bbox 1022 2261 1195 2318; x_wconf 76' lang='lat' dir='ltr'>consociem</span> <span class='ocrx_word' id='word_1_301' title='bbox 1209 2263 1219 2334; x_wconf 90' lang='lat'>(</span> <span class='ocrx_word' id='word_1_302' title='bbox 1232 2261 1300 2319; x_wconf 80' lang='lat' dir='ltr'>liic.</span> <span class='ocrx_word' id='word_1_303' title='bbox 1316 2281 1338 2320; x_wconf 86' lang='lat' dir='ltr'>c.</span> <span class='ocrx_word' id='word_1_304' title='bbox 1355 2265 1424 2334; x_wconf 85' lang='lat' dir='ltr'>il),</span> <span class='ocrx_word' id='word_1_305' title='bbox 1440 2267 1547 2324; x_wconf 77' lang='grc' dir='ltr'>ιιιιιιιιὶ</span> <span class='ocrx_word' id='word_1_306' title='bbox 1560 2275 1639 2324; x_wconf 75' lang='lat' dir='ltr'>attica</span> <span class='ocrx_word' id='word_1_307' title='bbox 1653 2269 1822 2328; x_wconf 64' lang='lat' dir='ltr'>condedicc·</span> 
     </span>
     <span class='ocr_line' id='line_1_22' title="bbox 170 2352 1824 2432; baseline -0.001 -14"><span class='ocrx_word' id='word_1_308' title='bbox 170 2359 301 2418; x_wconf 79' lang='lat' dir='ltr'>rentlAc</span> <span class='ocrx_word' id='word_1_309' title='bbox 311 2359 401 2416; x_wconf 80' lang='lat' dir='ltr'>catari</span> <span class='ocrx_word' id='word_1_310' title='bbox 412 2358 521 2428; x_wconf 91' lang='lat' dir='ltr'>quidem</span> <span class='ocrx_word' id='word_1_311' title='bbox 532 2373 628 2416; x_wconf 90' lang='lat' dir='ltr'>omnes</span> <span class='ocrx_word' id='word_1_312' title='bbox 640 2357 781 2431; x_wconf 71' lang='lat' dir='ltr'>ingerunt,</span> <span class='ocrx_word' id='word_1_313' title='bbox 796 2359 892 2417; x_wconf 84' lang='lat' dir='ltr'>Petrus</span> <span class='ocrx_word' id='word_1_314' title='bbox 903 2374 969 2416; x_wconf 85' lang='lat' dir='ltr'>vero</span> <span class='ocrx_word' id='word_1_315' title='bbox 1021 2352 1088 2410; x_wconf 88' lang='lat' dir='ltr'>bant</span> <span class='ocrx_word' id='word_1_316' title='bbox 1100 2368 1162 2410; x_wconf 89' lang='lat' dir='ltr'>curo</span> <span class='ocrx_word' id='word_1_317' title='bbox 1176 2355 1251 2428; x_wconf 81' lang='lat' dir='ltr'>siqua</span> <span class='ocrx_word' id='word_1_318' title='bbox 1266 2356 1325 2414; x_wconf 88' lang='lat' dir='ltr'>deri</span> <span class='ocrx_word' id='word_1_319' title='bbox 1336 2357 1467 2416; x_wconf 86' lang='lat' dir='ltr'>videraut.</span> <span class='ocrx_word' id='word_1_320' title='bbox 1481 2357 1535 2416; x_wconf 82' lang='lat' dir='ltr'>Gur</span> <span class='ocrx_word' id='word_1_321' title='bbox 1549 2360 1630 2432; x_wconf 70' lang='lat' dir='ltr'>igitur</span> <span class='ocrx_word' id='word_1_322' title='bbox 1642 2369 1698 2416; x_wconf 94' lang='lat' dir='ltr'>tum</span> <span class='ocrx_word' id='word_1_323' title='bbox 1712 2361 1824 2418; x_wconf 91' lang='lat' dir='ltr'>minima</span> 
     </span>
     <span class='ocr_line' id='line_1_23' title="bbox 169 2445 1823 2524; baseline 0.001 -16"><span class='ocrx_word' id='word_1_324' title='bbox 169 2451 254 2508; x_wconf 84' lang='grc' dir='ltr'>ιιιιιι</span> <span class='ocrx_word' id='word_1_325' title='bbox 266 2466 328 2510; x_wconf 88' lang='lat' dir='ltr'>cum</span> <span class='ocrx_word' id='word_1_326' title='bbox 338 2451 491 2522; x_wconf 78' lang='lat' dir='ltr'>iuramento</span> <span class='ocrx_word' id='word_1_327' title='bbox 505 2460 547 2508; x_wconf 91' lang='lat' dir='ltr'>ter</span> <span class='ocrx_word' id='word_1_328' title='bbox 558 2452 635 2508; x_wconf 88' lang='lat' dir='ltr'>illurn</span> <span class='ocrx_word' id='word_1_329' title='bbox 649 2453 767 2524; x_wconf 70' lang='lat' dir='ltr'>negarit,</span> <span class='ocrx_word' id='word_1_330' title='bbox 779 2453 865 2524; x_wconf 89' lang='lat' dir='ltr'>etqui</span> <span class='ocrx_word' id='word_1_331' title='bbox 875 2461 916 2508; x_wconf 89' lang='lat' dir='ltr'>ter</span> <span class='ocrx_word' id='word_1_332' title='bbox 932 2452 968 2509; x_wconf 92' lang='lat' dir='ltr'>ll·</span> <span class='ocrx_word' id='word_1_333' title='bbox 1023 2445 1265 2504; x_wconf 74' lang='lat' dir='ltr'>contradicebant?</span> <span class='ocrx_word' id='word_1_334' title='bbox 1289 2449 1440 2508; x_wconf 87' lang='lat' dir='ltr'>Cobibcbat</span> <span class='ocrx_word' id='word_1_335' title='bbox 1464 2450 1571 2508; x_wconf 87' lang='lat' dir='ltr'>illorum</span> <span class='ocrx_word' id='word_1_336' title='bbox 1597 2452 1713 2524; x_wconf 74' lang='lat' dir='ltr'>linquam</span> <span class='ocrx_word' id='word_1_337' title='bbox 1736 2452 1823 2510; x_wconf 82' lang='lat' dir='ltr'>uirtus</span> 
     </span>
     <span class='ocr_line' id='line_1_24' title="bbox 171 2539 1822 2624; baseline 0.004 -28"><span class='ocrx_word' id='word_1_338' title='bbox 171 2543 230 2624; x_wconf 73' lang='lat' dir='ltr'>luere</span> <span class='ocrx_word' id='word_1_339' title='bbox 241 2559 303 2600; x_wconf 86' lang='lat' dir='ltr'>eum</span> <span class='ocrx_word' id='word_1_340' title='bbox 312 2544 466 2615; x_wconf 72' lang='lat' dir='ltr'>iuramento</span> <span class='ocrx_word' id='word_1_341' title='bbox 478 2554 635 2617; x_wconf 70' lang='lat' dir='ltr'>negauerat,</span> <span class='ocrx_word' id='word_1_342' title='bbox 648 2555 678 2604; x_wconf 83' lang='lat' dir='ltr'>et</span> <span class='ocrx_word' id='word_1_343' title='bbox 691 2547 752 2603; x_wconf 81' lang='lat' dir='ltr'>uilis</span> <span class='ocrx_word' id='word_1_344' title='bbox 760 2547 896 2604; x_wconf 74' lang='lat' dir='ltr'>ancillulae</span> <span class='ocrx_word' id='word_1_345' title='bbox 909 2547 968 2604; x_wconf 81' lang='lat' dir='ltr'>loe·</span> <span class='ocrx_word' id='word_1_346' title='bbox 1022 2539 1163 2598; x_wconf 81' lang='lat' dir='ltr'>invlsibilis</span> <span class='ocrx_word' id='word_1_347' title='bbox 1184 2541 1326 2600; x_wconf 76' lang='lat' dir='ltr'>crucifixi:</span> <span class='ocrx_word' id='word_1_348' title='bbox 1352 2543 1398 2600; x_wconf 91' lang='lat' dir='ltr'>ille</span> <span class='ocrx_word' id='word_1_349' title='bbox 1420 2559 1452 2602; x_wconf 76' lang='lat' dir='ltr'>os</span> <span class='ocrx_word' id='word_1_350' title='bbox 1472 2559 1569 2603; x_wconf 78' lang='lat' dir='ltr'>corum</span> <span class='ocrx_word' id='word_1_351' title='bbox 1592 2545 1754 2614; x_wconf 77' lang='lat' dir='ltr'>oblurabtll,</span> <span class='ocrx_word' id='word_1_352' title='bbox 1775 2545 1822 2602; x_wconf 87' lang='lat' dir='ltr'>illa</span> 
     </span>
     <span class='ocr_line' id='line_1_25' title="bbox 171 2630 1822 2710; baseline 0.002 -22"><span class='ocrx_word' id='word_1_353' title='bbox 171 2644 218 2692; x_wconf 89' lang='lat' dir='ltr'>rat</span> <span class='ocrx_word' id='word_1_354' title='bbox 229 2636 326 2692; x_wconf 89' lang='lat' dir='ltr'>timore</span> <span class='ocrx_word' id='word_1_355' title='bbox 336 2636 487 2708; x_wconf 84' lang='lat' dir='ltr'>perculsus,</span> <span class='ocrx_word' id='word_1_356' title='bbox 498 2646 672 2710; x_wconf 82' lang='lat' dir='ltr'>posteaquam</span> <span class='ocrx_word' id='word_1_357' title='bbox 679 2638 792 2704; x_wconf 83' lang='lat' dir='ltr'>obierat,</span> <span class='ocrx_word' id='word_1_358' title='bbox 803 2637 881 2694; x_wconf 83' lang='lat' dir='ltr'>nobis</span> <span class='ocrx_word' id='word_1_359' title='bbox 888 2637 970 2694; x_wconf 84' lang='lat' dir='ltr'>rebus</span> <span class='ocrx_word' id='word_1_360' title='bbox 1022 2630 1176 2690; x_wconf 84' lang='lat' dir='ltr'>libcrlalcm</span> <span class='ocrx_word' id='word_1_361' title='bbox 1190 2635 1218 2690; x_wconf 85' lang='lat' dir='ltr'>ln</span> <span class='ocrx_word' id='word_1_362' title='bbox 1232 2632 1347 2692; x_wconf 79' lang='lat' dir='ltr'>dicendo</span> <span class='ocrx_word' id='word_1_363' title='bbox 1364 2636 1553 2708; x_wconf 83' lang='lat' dir='ltr'>compescebat</span> <span class='ocrx_word' id='word_1_364' title='bbox 1575 2655 1583 2692; x_wconf 82' lang='lat' dir='ltr'>s</span> <span class='ocrx_word' id='word_1_365' title='bbox 1604 2645 1745 2708; x_wconf 80' lang='lat' dir='ltr'>propterca</span> <span class='ocrx_word' id='word_1_366' title='bbox 1763 2646 1822 2694; x_wconf 86' lang='lat' dir='ltr'>sla·</span> 
     </span>
     <span class='ocr_line' id='line_1_26' title="bbox 172 2723 1822 2801; baseline 0.002 -18"><span class='ocrx_word' id='word_1_367' title='bbox 172 2726 242 2801; x_wconf 86' lang='lat' dir='ltr'>ipsis</span> <span class='ocrx_word' id='word_1_368' title='bbox 254 2727 347 2783; x_wconf 88' lang='lat' dir='ltr'>uolens</span> <span class='ocrx_word' id='word_1_369' title='bbox 359 2727 438 2784; x_wconf 87' lang='lat' dir='ltr'>iidem</span> <span class='ocrx_word' id='word_1_370' title='bbox 451 2727 541 2787; x_wconf 82' lang='lat' dir='ltr'>lacere</span> <span class='ocrx_word' id='word_1_371' title='bbox 565 2743 595 2786; x_wconf 88' lang='lat' dir='ltr'>se</span> <span class='ocrx_word' id='word_1_372' title='bbox 615 2729 772 2786; x_wconf 89' lang='lat' dir='ltr'>suscitatum</span> <span class='ocrx_word' id='word_1_373' title='bbox 784 2728 885 2786; x_wconf 91' lang='lat' dir='ltr'>illuma</span> <span class='ocrx_word' id='word_1_374' title='bbox 898 2743 970 2786; x_wconf 91' lang='lat' dir='ltr'>mor·</span> <span class='ocrx_word' id='word_1_375' title='bbox 1023 2723 1088 2780; x_wconf 89' lang='lat' dir='ltr'>bant</span> <span class='ocrx_word' id='word_1_376' title='bbox 1098 2763 1109 2794; x_wconf 95' lang='lat'>,</span> <span class='ocrx_word' id='word_1_377' title='bbox 1120 2739 1209 2797; x_wconf 87' lang='lat' dir='ltr'>neque</span> <span class='ocrx_word' id='word_1_378' title='bbox 1219 2725 1548 2798; x_wconf 87' lang='lat' dir='ltr'>poterantoootradicere.</span> <span class='ocrx_word' id='word_1_379' title='bbox 1559 2727 1727 2786; x_wconf 87' lang='lat' dir='ltr'>Gumautem</span> <span class='ocrx_word' id='word_1_380' title='bbox 1740 2729 1822 2788; x_wconf 77' lang='lat' dir='ltr'>verita</span> 
     </span>
     <span class='ocr_line' id='line_1_27' title="bbox 172 2816 1822 2894; baseline -0.001 -16"><span class='ocrx_word' id='word_1_381' title='bbox 172 2820 349 2890; x_wconf 88' lang='lat' dir='ltr'>tuisridisse,</span> <span class='ocrx_word' id='word_1_382' title='bbox 361 2822 525 2894; x_wconf 88' lang='lat' dir='ltr'>sicrepentc</span> <span class='ocrx_word' id='word_1_383' title='bbox 541 2831 720 2892; x_wconf 86' lang='lat' dir='ltr'>mutatusest,</span> <span class='ocrx_word' id='word_1_384' title='bbox 733 2831 762 2879; x_wconf 94' lang='lat' dir='ltr'>ut</span> <span class='ocrx_word' id='word_1_385' title='bbox 773 2823 908 2894; x_wconf 68' lang='lat' dir='ltr'>integrum</span> <span class='ocrx_word' id='word_1_386' title='bbox 919 2837 970 2893; x_wconf 91' lang='lat' dir='ltr'>po·</span> <span class='ocrx_word' id='word_1_387' title='bbox 1022 2816 1105 2874; x_wconf 87' lang='lat' dir='ltr'>etiam</span> <span class='ocrx_word' id='word_1_388' title='bbox 1118 2817 1306 2888; x_wconf 86' lang='lat' dir='ltr'>protulerunt,</span> <span class='ocrx_word' id='word_1_389' title='bbox 1320 2818 1381 2876; x_wconf 85' lang='lat' dir='ltr'>ride</span> <span class='ocrx_word' id='word_1_390' title='bbox 1393 2834 1446 2890; x_wconf 90' lang='lat' dir='ltr'>quo</span> <span class='ocrx_word' id='word_1_391' title='bbox 1463 2828 1542 2891; x_wconf 90' lang='lat' dir='ltr'>pacto</span> <span class='ocrx_word' id='word_1_392' title='bbox 1561 2827 1662 2878; x_wconf 89' lang='lat' dir='ltr'>metum</span> <span class='ocrx_word' id='word_1_393' title='bbox 1683 2835 1761 2878; x_wconf 85' lang='lat' dir='ltr'>suum</span> <span class='ocrx_word' id='word_1_394' title='bbox 1780 2819 1822 2876; x_wconf 85' lang='lat' dir='ltr'>ia-</span> 
     </span>
     <span class='ocr_line' id='line_1_28' title="bbox 174 2908 1823 2986; baseline -0.001 -16"><span class='ocrx_word' id='word_1_395' title='bbox 174 2914 267 2986; x_wconf 90' lang='lat' dir='ltr'>pulum</span> <span class='ocrx_word' id='word_1_396' title='bbox 280 2923 484 2984; x_wconf 82' lang='lat' dir='ltr'>aspernaretur,</span> <span class='ocrx_word' id='word_1_397' title='bbox 504 2923 533 2972; x_wconf 91' lang='lat' dir='ltr'>et</span> <span class='ocrx_word' id='word_1_398' title='bbox 546 2915 574 2972; x_wconf 90' lang='lat' dir='ltr'>in</span> <span class='ocrx_word' id='word_1_399' title='bbox 595 2915 714 2974; x_wconf 89' lang='lat' dir='ltr'>medium</span> <span class='ocrx_word' id='word_1_400' title='bbox 724 2914 878 2972; x_wconf 75' lang='lat' dir='ltr'>ludaeorum</span> <span class='ocrx_word' id='word_1_401' title='bbox 892 2914 969 2972; x_wconf 89' lang='lat' dir='ltr'>tbea-</span> <span class='ocrx_word' id='word_1_402' title='bbox 1024 2917 1142 2982; x_wconf 78' lang='lat' dir='ltr'>tuantur.</span> <span class='ocrx_word' id='word_1_403' title='bbox 1161 2908 1264 2979; x_wconf 75' lang='lat' dir='ltr'>Vultis,</span> <span class='ocrx_word' id='word_1_404' title='bbox 1278 2911 1403 2984; x_wconf 90' lang='lat' dir='ltr'>inquiunt</span> <span class='ocrx_word' id='word_1_405' title='bbox 1415 2953 1423 2977; x_wconf 98' lang='lat'>,</span> <span class='ocrx_word' id='word_1_406' title='bbox 1437 2913 1557 2970; x_wconf 76' lang='lat' dir='ltr'>iuducere</span> <span class='ocrx_word' id='word_1_407' title='bbox 1569 2929 1646 2984; x_wconf 82' lang='lat' dir='ltr'>super</span> <span class='ocrx_word' id='word_1_408' title='bbox 1658 2929 1704 2970; x_wconf 86' lang='lat' dir='ltr'>noa</span> <span class='ocrx_word' id='word_1_409' title='bbox 1715 2913 1823 2986; x_wconf 80' lang='lat' dir='ltr'>mnqrti·</span> 
     </span>
     <span class='ocr_line' id='line_1_29' title="bbox 171 3002 1823 3078; baseline -0.001 -19"><span class='ocrx_word' id='word_1_410' title='bbox 171 3013 246 3062; x_wconf 86' lang='lat' dir='ltr'>trum</span> <span class='ocrx_word' id='word_1_411' title='bbox 256 3004 401 3076; x_wconf 86' lang='lat' dir='ltr'>prosiliret,</span> <span class='ocrx_word' id='word_1_412' title='bbox 411 3004 567 3078; x_wconf 89' lang='lat' dir='ltr'>diceretque</span> <span class='ocrx_word' id='word_1_413' title='bbox 576 3007 709 3078; x_wconf 86' lang='lat' dir='ltr'>illumqui</span> <span class='ocrx_word' id='word_1_414' title='bbox 732 3005 972 3064; x_wconf 84' lang='lat' dir='ltr'>crucillsusluerat</span> <span class='ocrx_word' id='word_1_415' title='bbox 1023 3019 1081 3060; x_wconf 81' lang='lat' dir='ltr'>seat</span> <span class='ocrx_word' id='word_1_416' title='bbox 1104 3003 1213 3060; x_wconf 77' lang='lat' dir='ltr'>laricis</span> <span class='ocrx_word' id='word_1_417' title='bbox 1235 3003 1309 3059; x_wconf 82' lang='lat' dir='ltr'>latito</span> <span class='ocrx_word' id='word_1_418' title='bbox 1329 3002 1393 3077; x_wconf 84' lang='lat' dir='ltr'>(ll.</span> <span class='ocrx_word' id='word_1_419' title='bbox 1406 3005 1435 3061; x_wconf 77' lang='lat'>5.</span> <span class='ocrx_word' id='word_1_420' title='bbox 1448 3003 1484 3060; x_wconf 68' lang='grc' dir='ltr'>ιιι</span> <span class='ocrx_word' id='word_1_421' title='bbox 1496 3003 1523 3076; x_wconf 73' lang='lat' dir='ltr'>ll</span> <span class='ocrx_word' id='word_1_422' title='bbox 1545 3004 1580 3060; x_wconf 85' lang='lat' dir='ltr'>tlt</span> <span class='ocrx_word' id='word_1_423' title='bbox 1601 3003 1674 3060; x_wconf 88' lang='lat' dir='ltr'>enim</span> <span class='ocrx_word' id='word_1_424' title='bbox 1691 3005 1716 3060; x_wconf 88' lang='lat' dir='ltr'>si</span> <span class='ocrx_word' id='word_1_425' title='bbox 1734 3003 1823 3060; x_wconf 89' lang='lat' dir='ltr'>uudus</span> 
     </span>
     <span class='ocr_line' id='line_1_30' title="bbox 172 3087 1824 3170; baseline -0.001 -16"><span class='ocrx_word' id='word_1_426' title='bbox 172 3095 348 3167; x_wconf 85' lang='lat' dir='ltr'>acsepultus,</span> <span class='ocrx_word' id='word_1_427' title='bbox 362 3111 378 3151; x_wconf 92' lang='lat' dir='ltr'>a</span> <span class='ocrx_word' id='word_1_428' title='bbox 393 3097 507 3154; x_wconf 86' lang='lat' dir='ltr'>mortuis</span> <span class='ocrx_word' id='word_1_429' title='bbox 532 3096 576 3154; x_wconf 88' lang='lat' dir='ltr'>die</span> <span class='ocrx_word' id='word_1_430' title='bbox 589 3097 677 3167; x_wconf 86' lang='lat' dir='ltr'>tertia,</span> <span class='ocrx_word' id='word_1_431' title='bbox 688 3098 837 3155; x_wconf 82' lang='lat' dir='ltr'>surrexisse</span> <span class='ocrx_word' id='word_1_432' title='bbox 848 3105 930 3170; x_wconf 87' lang='lat' dir='ltr'>atque</span> <span class='ocrx_word' id='word_1_433' title='bbox 942 3097 972 3154; x_wconf 90' lang='lat' dir='ltr'>in</span> <span class='ocrx_word' id='word_1_434' title='bbox 1023 3095 1106 3154; x_wconf 87' lang='lat' dir='ltr'>bomo</span> <span class='ocrx_word' id='word_1_435' title='bbox 1124 3104 1186 3166; x_wconf 89' lang='lat' dir='ltr'>est,</span> <span class='ocrx_word' id='word_1_436' title='bbox 1206 3111 1255 3154; x_wconf 89' lang='lat' dir='ltr'>cur</span> <span class='ocrx_word' id='word_1_437' title='bbox 1276 3097 1335 3168; x_wconf 79' lang='lat' dir='ltr'>eius</span> <span class='ocrx_word' id='word_1_438' title='bbox 1357 3087 1514 3170; x_wconf 72' lang='lat' dir='ltr'>moquineni</span> <span class='ocrx_word' id='word_1_439' title='bbox 1535 3097 1723 3170; x_wconf 78' lang='lat' dir='ltr'>pertimescis?</span> <span class='ocrx_word' id='word_1_440' title='bbox 1741 3111 1824 3168; x_wconf 82' lang='lat' dir='ltr'>quiam</span> 
     </span>
     <span class='ocr_line' id='line_1_31' title="bbox 172 3188 1824 3264; baseline 0.001 -20"><span class='ocrx_word' id='word_1_441' title='bbox 172 3188 257 3244; x_wconf 80' lang='lat' dir='ltr'>culos</span> <span class='ocrx_word' id='word_1_442' title='bbox 269 3189 433 3257; x_wconf 89' lang='lat' dir='ltr'>ascendisse,</span> <span class='ocrx_word' id='word_1_443' title='bbox 445 3205 534 3262; x_wconf 89' lang='lat' dir='ltr'>neque</span> <span class='ocrx_word' id='word_1_444' title='bbox 556 3206 588 3248; x_wconf 90' lang='lat' dir='ltr'>se</span> <span class='ocrx_word' id='word_1_445' title='bbox 605 3191 669 3248; x_wconf 87' lang='lat' dir='ltr'>mali</span> <span class='ocrx_word' id='word_1_446' title='bbox 691 3191 835 3264; x_wconf 86' lang='lat' dir='ltr'>quidquam</span> <span class='ocrx_word' id='word_1_447' title='bbox 849 3191 972 3248; x_wconf 90' lang='lat' dir='ltr'>relormi-</span> <span class='ocrx_word' id='word_1_448' title='bbox 1023 3189 1123 3248; x_wconf 87' lang='lat' dir='ltr'>multos</span> <span class='ocrx_word' id='word_1_449' title='bbox 1136 3188 1281 3262; x_wconf 86' lang='lat' dir='ltr'>propbetas</span> <span class='ocrx_word' id='word_1_450' title='bbox 1294 3190 1416 3249; x_wconf 85' lang='lat' dir='ltr'>occidisti</span> <span class='ocrx_word' id='word_1_451' title='bbox 1428 3233 1436 3259; x_wconf 97' lang='lat'>,</span> <span class='ocrx_word' id='word_1_452' title='bbox 1450 3206 1531 3263; x_wconf 90' lang='lat' dir='ltr'>quam</span> <span class='ocrx_word' id='word_1_453' title='bbox 1540 3190 1734 3262; x_wconf 75' lang='lat' dir='ltr'>multociustos</span> <span class='ocrx_word' id='word_1_454' title='bbox 1744 3189 1824 3261; x_wconf 75' lang='lat' dir='ltr'>jugu-</span> 
     </span>
     <span class='ocr_line' id='line_1_32' title="bbox 173 3279 1823 3356; baseline 0.001 -20"><span class='ocrx_word' id='word_1_455' title='bbox 173 3279 251 3337; x_wconf 88' lang='lat' dir='ltr'>darc.</span> <span class='ocrx_word' id='word_1_456' title='bbox 266 3280 343 3336; x_wconf 70' lang='lat' dir='ltr'>Uinde</span> <span class='ocrx_word' id='word_1_457' title='bbox 357 3280 438 3354; x_wconf 76' lang='lat' dir='ltr'>iqitm</span> <span class='ocrx_word' id='word_1_458' title='bbox 449 3281 550 3340; x_wconf 90' lang='lat' dir='ltr'>iactum</span> <span class='ocrx_word' id='word_1_459' title='bbox 568 3291 640 3352; x_wconf 84' lang='lat' dir='ltr'>erat,</span> <span class='ocrx_word' id='word_1_460' title='bbox 651 3291 682 3339; x_wconf 90' lang='grc' dir='ltr'>ιι</span> <span class='ocrx_word' id='word_1_461' title='bbox 693 3283 762 3340; x_wconf 90' lang='lat' dir='ltr'>adeo</span> <span class='ocrx_word' id='word_1_462' title='bbox 775 3283 915 3342; x_wconf 76' lang='lat' dir='ltr'>confidens</span> <span class='ocrx_word' id='word_1_463' title='bbox 927 3297 972 3339; x_wconf 88' lang='lat' dir='ltr'>es-</span> <span class='ocrx_word' id='word_1_464' title='bbox 1024 3281 1107 3348; x_wconf 86' lang='lat' dir='ltr'>lasti,</span> <span class='ocrx_word' id='word_1_465' title='bbox 1120 3281 1232 3348; x_wconf 79' lang='lat' dir='ltr'>ludeo,</span> <span class='ocrx_word' id='word_1_466' title='bbox 1248 3297 1299 3340; x_wconf 86' lang='lat' dir='ltr'>occ</span> <span class='ocrx_word' id='word_1_467' title='bbox 1313 3281 1392 3340; x_wconf 90' lang='lat' dir='ltr'>ullius</span> <span class='ocrx_word' id='word_1_468' title='bbox 1406 3283 1513 3340; x_wconf 88' lang='lat' dir='ltr'>illorum</span> <span class='ocrx_word' id='word_1_469' title='bbox 1527 3285 1683 3356; x_wconf 77' lang='lat' dir='ltr'>sanquinem</span> <span class='ocrx_word' id='word_1_470' title='bbox 1696 3279 1823 3340; x_wconf 87' lang='lat' dir='ltr'>relormi-</span> 
     </span>
     <span class='ocr_line' id='line_1_33' title="bbox 174 3371 1823 3454; baseline 0.002 -24"><span class='ocrx_word' id='word_1_471' title='bbox 174 3371 239 3430; x_wconf 81' lang='lat' dir='ltr'>sett</span> <span class='ocrx_word' id='word_1_472' title='bbox 259 3372 319 3429; x_wconf 86' lang='lat' dir='ltr'>Non</span> <span class='ocrx_word' id='word_1_473' title='bbox 330 3373 436 3430; x_wconf 88' lang='lat' dir='ltr'>aliunde</span> <span class='ocrx_word' id='word_1_474' title='bbox 449 3389 525 3442; x_wconf 88' lang='lat' dir='ltr'>sane,</span> <span class='ocrx_word' id='word_1_475' title='bbox 538 3389 662 3447; x_wconf 82' lang='lat' dir='ltr'>quamex</span> <span class='ocrx_word' id='word_1_476' title='bbox 678 3390 712 3432; x_wconf 91' lang='lat' dir='ltr'>eo</span> <span class='ocrx_word' id='word_1_477' title='bbox 722 3375 794 3454; x_wconf 93' lang='lat' dir='ltr'>quod</span> <span class='ocrx_word' id='word_1_478' title='bbox 804 3375 840 3432; x_wconf 90' lang='lat' dir='ltr'>de</span> <span class='ocrx_word' id='word_1_479' title='bbox 850 3391 973 3433; x_wconf 86' lang='lat' dir='ltr'>resurre-</span> <span class='ocrx_word' id='word_1_480' title='bbox 1025 3374 1117 3432; x_wconf 87' lang='lat' dir='ltr'>dastil</span> <span class='ocrx_word' id='word_1_481' title='bbox 1129 3391 1178 3434; x_wconf 89' lang='lat' dir='ltr'>cur</span> <span class='ocrx_word' id='word_1_482' title='bbox 1189 3375 1271 3448; x_wconf 72' lang='lat' dir='ltr'>igitur</span> <span class='ocrx_word' id='word_1_483' title='bbox 1284 3375 1328 3433; x_wconf 88' lang='lat' dir='ltr'>bic</span> <span class='ocrx_word' id='word_1_484' title='bbox 1342 3376 1522 3436; x_wconf 73' lang='lat' dir='ltr'>reformides?</span> <span class='ocrx_word' id='word_1_485' title='bbox 1540 3375 1611 3434; x_wconf 75' lang='lat' dir='ltr'>Vere</span> <span class='ocrx_word' id='word_1_486' title='bbox 1629 3375 1823 3436; x_wconf 79' lang='lat' dir='ltr'>conscientiam</span> 
     </span>
     <span class='ocr_line' id='line_1_34' title="bbox 175 3463 1823 3548; baseline 0.003 -26"><span class='ocrx_word' id='word_1_487' title='bbox 175 3465 268 3522; x_wconf 89' lang='lat' dir='ltr'>ctione</span> <span class='ocrx_word' id='word_1_488' title='bbox 280 3465 379 3522; x_wconf 88' lang='lat' dir='ltr'>certior</span> <span class='ocrx_word' id='word_1_489' title='bbox 392 3463 480 3523; x_wconf 85' lang='lat' dir='ltr'>iactus</span> <span class='ocrx_word' id='word_1_490' title='bbox 490 3474 573 3524; x_wconf 84' lang='lat' dir='ltr'>essct</span> <span class='ocrx_word' id='word_1_491' title='bbox 590 3466 658 3524; x_wconf 83' lang='lat' dir='ltr'>Cum</span> <span class='ocrx_word' id='word_1_492' title='bbox 669 3466 742 3541; x_wconf 82' lang='lat' dir='ltr'>euim</span> <span class='ocrx_word' id='word_1_493' title='bbox 758 3467 835 3525; x_wconf 90' lang='lat' dir='ltr'>illum</span> <span class='ocrx_word' id='word_1_494' title='bbox 848 3467 970 3536; x_wconf 78' lang='lat' dir='ltr'>vidisset,</span> <span class='ocrx_word' id='word_1_495' title='bbox 1025 3469 1145 3528; x_wconf 87' lang='lat' dir='ltr'>terrebat</span> <span class='ocrx_word' id='word_1_496' title='bbox 1170 3469 1278 3528; x_wconf 89' lang='lat' dir='ltr'>illorum</span> <span class='ocrx_word' id='word_1_497' title='bbox 1302 3471 1446 3530; x_wconf 81' lang='lat' dir='ltr'>crucillxus</span> <span class='ocrx_word' id='word_1_498' title='bbox 1459 3513 1472 3548; x_wconf 23' lang='grc' dir='ltr'>,Ι</span> <span class='ocrx_word' id='word_1_499' title='bbox 1496 3485 1627 3543; x_wconf 88' lang='lat' dir='ltr'>suamque</span> <span class='ocrx_word' id='word_1_500' title='bbox 1653 3468 1823 3526; x_wconf 78' lang='lat' dir='ltr'>formidinem</span> 
     </span>
     <span class='ocr_line' id='line_1_35' title="bbox 175 3556 1824 3636; baseline 0.002 -20"><span class='ocrx_word' id='word_1_501' title='bbox 175 3557 423 3628; x_wconf 83' lang='lat' dir='ltr'>atquealloquutus</span> <span class='ocrx_word' id='word_1_502' title='bbox 446 3565 528 3625; x_wconf 84' lang='lat' dir='ltr'>esset,</span> <span class='ocrx_word' id='word_1_503' title='bbox 542 3557 628 3630; x_wconf 86' lang='lat' dir='ltr'>deque</span> <span class='ocrx_word' id='word_1_504' title='bbox 641 3557 724 3616; x_wconf 87' lang='lat' dir='ltr'>rebus</span> <span class='ocrx_word' id='word_1_505' title='bbox 736 3556 923 3618; x_wconf 80' lang='lat' dir='ltr'>lutmisrerbn</span> <span class='ocrx_word' id='word_1_506' title='bbox 936 3559 974 3616; x_wconf 83' lang='lat' dir='ltr'>ia·</span> <span class='ocrx_word' id='word_1_507' title='bbox 1025 3578 1088 3622; x_wconf 89' lang='lat' dir='ltr'>cum</span> <span class='ocrx_word' id='word_1_508' title='bbox 1098 3563 1235 3622; x_wconf 86' lang='lat' dir='ltr'>occultare</span> <span class='ocrx_word' id='word_1_509' title='bbox 1255 3577 1309 3622; x_wconf 89' lang='lat' dir='ltr'>non</span> <span class='ocrx_word' id='word_1_510' title='bbox 1331 3571 1460 3636; x_wconf 88' lang='lat' dir='ltr'>possem,</span> <span class='ocrx_word' id='word_1_511' title='bbox 1481 3563 1525 3622; x_wconf 84' lang='lat' dir='ltr'>rel</span> <span class='ocrx_word' id='word_1_512' title='bbox 1545 3563 1626 3622; x_wconf 83' lang='lat' dir='ltr'>edam</span> <span class='ocrx_word' id='word_1_513' title='bbox 1650 3563 1725 3622; x_wconf 83' lang='lat' dir='ltr'>inriti</span> <span class='ocrx_word' id='word_1_514' title='bbox 1747 3577 1824 3620; x_wconf 87' lang='lat' dir='ltr'>snam</span> 
     </span>
     <span class='ocr_line' id='line_1_36' title="bbox 175 3648 1824 3724; baseline 0.005 -21"><span class='ocrx_word' id='word_1_515' title='bbox 175 3648 294 3704; x_wconf 85' lang='lat' dir='ltr'>cientem</span> <span class='ocrx_word' id='word_1_516' title='bbox 306 3649 445 3718; x_wconf 86' lang='lat' dir='ltr'>audiisset,</span> <span class='ocrx_word' id='word_1_517' title='bbox 459 3649 511 3706; x_wconf 91' lang='lat' dir='ltr'>bac</span> <span class='ocrx_word' id='word_1_518' title='bbox 523 3649 557 3707; x_wconf 92' lang='lat' dir='ltr'>de</span> <span class='ocrx_word' id='word_1_519' title='bbox 569 3665 651 3707; x_wconf 89' lang='lat' dir='ltr'>causa</span> <span class='ocrx_word' id='word_1_520' title='bbox 672 3659 807 3724; x_wconf 88' lang='lat' dir='ltr'>tamquam</span> <span class='ocrx_word' id='word_1_521' title='bbox 820 3652 972 3724; x_wconf 72' lang='lat' dir='ltr'>ingratiam</span> <span class='ocrx_word' id='word_1_522' title='bbox 1024 3669 1117 3714; x_wconf 89' lang='lat' dir='ltr'>coram</span> <span class='ocrx_word' id='word_1_523' title='bbox 1131 3656 1246 3714; x_wconf 89' lang='lat' dir='ltr'>inimicis</span> <span class='ocrx_word' id='word_1_524' title='bbox 1258 3655 1468 3714; x_wconf 85' lang='lat' dir='ltr'>imbecillitatem</span> <span class='ocrx_word' id='word_1_525' title='bbox 1483 3655 1609 3714; x_wconf 88' lang='lat' dir='ltr'>latentur.</span> <span class='ocrx_word' id='word_1_526' title='bbox 1622 3656 1662 3712; x_wconf 79' lang='lat' dir='ltr'>Ac</span> <span class='ocrx_word' id='word_1_527' title='bbox 1673 3653 1736 3711; x_wconf 91' lang='lat' dir='ltr'>dum</span> <span class='ocrx_word' id='word_1_528' title='bbox 1747 3654 1824 3712; x_wconf 86' lang='lat' dir='ltr'>illum</span> 
     </span>
     <span class='ocr_line' id='line_1_37' title="bbox 176 3727 1825 3818; baseline 0.003 -22"><span class='ocrx_word' id='word_1_529' title='bbox 176 3739 294 3797; x_wconf 84' lang='lat' dir='ltr'>bominis</span> <span class='ocrx_word' id='word_1_530' title='bbox 303 3740 358 3812; x_wconf 82' lang='lat' dir='ltr'>jam</span> <span class='ocrx_word' id='word_1_531' title='bbox 371 3740 485 3798; x_wconf 76' lang='lat' dir='ltr'>uiuentis</span> <span class='ocrx_word' id='word_1_532' title='bbox 499 3741 646 3812; x_wconf 67' lang='lat' dir='ltr'>pericu-lum</span> <span class='ocrx_word' id='word_1_533' title='bbox 657 3743 765 3813; x_wconf 89' lang='lat' dir='ltr'>adiret,</span> <span class='ocrx_word' id='word_1_534' title='bbox 784 3746 822 3802; x_wconf 90' lang='lat' dir='ltr'>ita</span> <span class='ocrx_word' id='word_1_535' title='bbox 849 3760 880 3802; x_wconf 92' lang='lat' dir='ltr'>se</span> <span class='ocrx_word' id='word_1_536' title='bbox 895 3745 973 3801; x_wconf 89' lang='lat' dir='ltr'>malls</span> <span class='ocrx_word' id='word_1_537' title='bbox 1025 3746 1134 3818; x_wconf 87' lang='lat' dir='ltr'>quidem</span> <span class='ocrx_word' id='word_1_538' title='bbox 1148 3745 1357 3818; x_wconf 78' lang='lat' dir='ltr'>crucillqereot,</span> <span class='ocrx_word' id='word_1_539' title='bbox 1377 3745 1530 3804; x_wconf 86' lang='lat' dir='ltr'>clamabant</span> <span class='ocrx_word' id='word_1_540' title='bbox 1548 3727 1688 3813; x_wconf 73' lang='lat' dir='ltr'>dicentes,</span> <span class='ocrx_word' id='word_1_541' title='bbox 1711 3745 1825 3816; x_wconf 81' lang='lat' dir='ltr'>Smrpuir</span> 
     </span>
     <span class='ocr_line' id='line_1_38' title="bbox 176 3831 1823 3913; baseline 0.005 -25"><span class='ocrx_word' id='word_1_542' title='bbox 176 3832 303 3889; x_wconf 80' lang='lat' dir='ltr'>omatibus</span> <span class='ocrx_word' id='word_1_543' title='bbox 315 3831 469 3903; x_wconf 81' lang='lat' dir='ltr'>objiciebat,</span> <span class='ocrx_word' id='word_1_544' title='bbox 488 3841 581 3906; x_wconf 91' lang='lat' dir='ltr'>utpote</span> <span class='ocrx_word' id='word_1_545' title='bbox 594 3837 641 3906; x_wconf 92' lang='lat' dir='ltr'>qui</span> <span class='ocrx_word' id='word_1_546' title='bbox 659 3836 755 3908; x_wconf 83' lang='lat' dir='ltr'>majori</span> <span class='ocrx_word' id='word_1_547' title='bbox 768 3837 865 3894; x_wconf 79' lang='lat' dir='ltr'>uirtute</span> <span class='ocrx_word' id='word_1_548' title='bbox 878 3851 972 3893; x_wconf 91' lang='lat' dir='ltr'>corro-</span> <span class='ocrx_word' id='word_1_549' title='bbox 1025 3842 1083 3910; x_wconf 76' lang='lat' dir='ltr'>eius</span> <span class='ocrx_word' id='word_1_550' title='bbox 1094 3855 1171 3910; x_wconf 75' lang='lat' dir='ltr'>nuper</span> <span class='ocrx_word' id='word_1_551' title='bbox 1183 3857 1247 3906; x_wconf 79' lang='lat' dir='ltr'>nor,</span> <span class='ocrx_word' id='word_1_552' title='bbox 1263 3848 1287 3895; x_wconf 88' lang='lat' dir='ltr'>et</span> <span class='ocrx_word' id='word_1_553' title='bbox 1300 3855 1376 3912; x_wconf 80' lang='lat' dir='ltr'>super</span> <span class='ocrx_word' id='word_1_554' title='bbox 1385 3839 1454 3911; x_wconf 72' lang='lat' dir='ltr'>filios</span> <span class='ocrx_word' id='word_1_555' title='bbox 1462 3848 1560 3896; x_wconf 80' lang='grc' dir='ltr'>ιιιιιιιι</span> <span class='ocrx_word' id='word_1_556' title='bbox 1573 3837 1684 3913; x_wconf 84' lang='lat' dir='ltr'>(lluttb.</span> <span class='ocrx_word' id='word_1_557' title='bbox 1698 3837 1743 3894; x_wconf 74' lang='lat'>2¹1.</span> <span class='ocrx_word' id='word_1_558' title='bbox 1757 3837 1792 3896; x_wconf 77' lang='lat'>25</span> <span class='ocrx_word' id='word_1_559' title='bbox 1802 3837 1823 3910; x_wconf 85' lang='lat'>);</span> 
     </span>
     <span class='ocr_line' id='line_1_39' title="bbox 176 3923 1825 4004; baseline 0.001 -22"><span class='ocrx_word' id='word_1_560' title='bbox 176 3923 291 3982; x_wconf 88' lang='lat' dir='ltr'>boratus</span> <span class='ocrx_word' id='word_1_561' title='bbox 304 3933 375 3982; x_wconf 91' lang='lat' dir='ltr'>esset</span> <span class='ocrx_word' id='word_1_562' title='bbox 389 3923 603 3998; x_wconf 75' lang='lat' dir='ltr'>occidentiaque</span> <span class='ocrx_word' id='word_1_563' title='bbox 616 3925 726 3998; x_wconf 86' lang='lat' dir='ltr'>majori,</span> <span class='ocrx_word' id='word_1_564' title='bbox 753 3928 793 3984; x_wconf 91' lang='lat' dir='ltr'>sic</span> <span class='ocrx_word' id='word_1_565' title='bbox 809 3936 839 3985; x_wconf 90' lang='lat' dir='ltr'>ut</span> <span class='ocrx_word' id='word_1_566' title='bbox 851 3943 902 4000; x_wconf 92' lang='lat' dir='ltr'>pro</span> <span class='ocrx_word' id='word_1_567' title='bbox 914 3929 974 3999; x_wconf 89' lang='lat' dir='ltr'>ipso</span> <span class='ocrx_word' id='word_1_568' title='bbox 1026 3929 1095 3987; x_wconf 90' lang='lat' dir='ltr'>adeo</span> <span class='ocrx_word' id='word_1_569' title='bbox 1108 3932 1263 4002; x_wconf 81' lang='lat' dir='ltr'>sanquinem</span> <span class='ocrx_word' id='word_1_570' title='bbox 1275 3931 1334 4002; x_wconf 82' lang='lat' dir='ltr'>ejus</span> <span class='ocrx_word' id='word_1_571' title='bbox 1347 3931 1520 4004; x_wconf 87' lang='lat' dir='ltr'>spernebant.</span> <span class='ocrx_word' id='word_1_572' title='bbox 1536 3931 1601 3987; x_wconf 86' lang='lat' dir='ltr'>Post</span> <span class='ocrx_word' id='word_1_573' title='bbox 1611 3931 1761 4002; x_wconf 88' lang='lat' dir='ltr'>passionom</span> <span class='ocrx_word' id='word_1_574' title='bbox 1775 3946 1825 3984; x_wconf 89' lang='lat' dir='ltr'>au-</span> 
     </span>
     <span class='ocr_line' id='line_1_40' title="bbox 178 4019 1825 4096; baseline 0.003 -24"><span class='ocrx_word' id='word_1_575' title='bbox 178 4025 294 4078; x_wconf 87' lang='lat' dir='ltr'>mortem</span> <span class='ocrx_word' id='word_1_576' title='bbox 319 4025 467 4088; x_wconf 86' lang='lat' dir='ltr'>oppeteret,</span> <span class='ocrx_word' id='word_1_577' title='bbox 493 4023 522 4074; x_wconf 93' lang='lat' dir='ltr'>et</span> <span class='ocrx_word' id='word_1_578' title='bbox 533 4019 606 4075; x_wconf 91' lang='lat' dir='ltr'>cruci</span> <span class='ocrx_word' id='word_1_579' title='bbox 627 4019 716 4090; x_wconf 89' lang='lat' dir='ltr'>capite</span> <span class='ocrx_word' id='word_1_580' title='bbox 728 4020 756 4076; x_wconf 90' lang='lat' dir='ltr'>in</span> <span class='ocrx_word' id='word_1_581' title='bbox 783 4031 883 4078; x_wconf 87' lang='lat' dir='ltr'>terram</span> <span class='ocrx_word' id='word_1_582' title='bbox 895 4035 975 4078; x_wconf 82' lang='lat' dir='ltr'>verso</span> <span class='ocrx_word' id='word_1_583' title='bbox 1028 4032 1084 4080; x_wconf 88' lang='lat' dir='ltr'>tem</span> <span class='ocrx_word' id='word_1_584' title='bbox 1098 4037 1160 4080; x_wconf 89' lang='lat' dir='ltr'>cum</span> <span class='ocrx_word' id='word_1_585' title='bbox 1174 4022 1347 4094; x_wconf 73' lang='lat' dir='ltr'>emulgentem</span> <span class='ocrx_word' id='word_1_586' title='bbox 1360 4022 1432 4078; x_wconf 78' lang='lat' dir='ltr'>illius</span> <span class='ocrx_word' id='word_1_587' title='bbox 1446 4022 1572 4079; x_wconf 87' lang='lat' dir='ltr'>uirtutem</span> <span class='ocrx_word' id='word_1_588' title='bbox 1587 4021 1725 4078; x_wconf 84' lang='lat' dir='ltr'>intuentur</span> <span class='ocrx_word' id='word_1_589' title='bbox 1738 4063 1746 4088; x_wconf 92' lang='lat'>,</span> <span class='ocrx_word' id='word_1_590' title='bbox 1759 4037 1825 4096; x_wconf 89' lang='lat' dir='ltr'>per·</span> 
     </span>
     <span class='ocr_line' id='line_1_41' title="bbox 179 4107 1827 4185; baseline 0.004 -24"><span class='ocrx_word' id='word_1_591' title='bbox 179 4107 341 4179; x_wconf 77' lang='lat' dir='ltr'>aliiqeretur.</span> <span class='ocrx_word' id='word_1_592' title='bbox 354 4108 422 4166; x_wconf 82' lang='lat' dir='ltr'>Cum</span> <span class='ocrx_word' id='word_1_593' title='bbox 436 4124 501 4182; x_wconf 78' lang='lat' dir='ltr'>erqo</span> <span class='ocrx_word' id='word_1_594' title='bbox 515 4111 617 4182; x_wconf 83' lang='lat' dir='ltr'>majora</span> <span class='ocrx_word' id='word_1_595' title='bbox 640 4111 700 4168; x_wconf 89' lang='lat' dir='ltr'>lieri</span> <span class='ocrx_word' id='word_1_596' title='bbox 724 4112 801 4183; x_wconf 79' lang='lat' dir='ltr'>siqua</span> <span class='ocrx_word' id='word_1_597' title='bbox 822 4113 931 4177; x_wconf 77' lang='lat' dir='ltr'>uideris,</span> <span class='ocrx_word' id='word_1_598' title='bbox 946 4123 975 4171; x_wconf 92' lang='lat' dir='ltr'>et</span> <span class='ocrx_word' id='word_1_599' title='bbox 1029 4115 1175 4170; x_wconf 88' lang='lat' dir='ltr'>timescunt</span> <span class='ocrx_word' id='word_1_600' title='bbox 1196 4123 1224 4172; x_wconf 88' lang='lat' dir='ltr'>et</span> <span class='ocrx_word' id='word_1_601' title='bbox 1242 4120 1375 4180; x_wconf 80' lang='lat' dir='ltr'>aestuant,</span> <span class='ocrx_word' id='word_1_602' title='bbox 1399 4113 1571 4185; x_wconf 89' lang='lat' dir='ltr'>dicuntque:</span> <span class='ocrx_word' id='word_1_603' title='bbox 1599 4111 1683 4168; x_wconf 81' lang='lat' dir='ltr'>Vultis</span> <span class='ocrx_word' id='word_1_604' title='bbox 1707 4113 1827 4168; x_wconf 82' lang='lat' dir='ltr'>inducere</span> 
     </span>
    </p>
   </div>
   <div class='ocr_carea' id='block_1_3' title="bbox 70 4199 1855 4282">
    <p class='ocr_par' dir='ltr' id='par_1_3' title="bbox 70 4199 1855 4282">
     <span class='ocr_line' id='line_1_42' title="bbox 70 4199 1855 4282; baseline 0.002 -28"><span class='ocrx_word' id='word_1_605' title='bbox 70 4275 74 4282; x_wconf 22' lang='grc' dir='ltr'>ί</span> <span class='ocrx_word' id='word_1_606' title='bbox 179 4199 509 4274; x_wconf 82' lang='lat' dir='ltr'>discipuloamajorieum</span> <span class='ocrx_word' id='word_1_607' title='bbox 520 4203 713 4261; x_wconf 79' lang='lat' dir='ltr'>benovolentia</span> <span class='ocrx_word' id='word_1_608' title='bbox 735 4219 796 4262; x_wconf 84' lang='lat' dir='ltr'>esse</span> <span class='ocrx_word' id='word_1_609' title='bbox 806 4207 974 4280; x_wconf 81' lang='lat' dir='ltr'>complexos,</span> <span class='ocrx_word' id='word_1_610' title='bbox 1027 4205 1179 4278; x_wconf 82' lang='lat' dir='ltr'>sanquinem</span> <span class='ocrx_word' id='word_1_611' title='bbox 1193 4205 1384 4261; x_wconf 71' lang='lat' dir='ltr'>lumleianum</span> <span class='ocrx_word' id='word_1_612' title='bbox 1395 4220 1473 4277; x_wconf 81' lang='lat' dir='ltr'>super</span> <span class='ocrx_word' id='word_1_613' title='bbox 1487 4203 1557 4260; x_wconf 78' lang='lat' dir='ltr'>noel</span> <span class='ocrx_word' id='word_1_614' title='bbox 1575 4203 1610 4260; x_wconf 84' lang='lat' dir='ltr'>tlt</span> <span class='ocrx_word' id='word_1_615' title='bbox 1625 4203 1698 4261; x_wconf 89' lang='lat' dir='ltr'>euim</span> <span class='ocrx_word' id='word_1_616' title='bbox 1711 4203 1734 4261; x_wconf 93' lang='lat' dir='ltr'>si</span> <span class='ocrx_word' id='word_1_617' title='bbox 1747 4201 1855 4282; x_wconf 73' lang='lat' dir='ltr'>sedu-¹</span> 
     </span>
    </p>
   </div>
   <div class='ocr_carea' id='block_1_4' title="bbox 180 4293 1906 5386">
    <p class='ocr_par' dir='ltr' id='par_1_4' title="bbox 180 4293 1906 5386">
     <span class='ocr_line' id='line_1_43' title="bbox 180 4293 1827 4383; baseline 0 -31"><span class='ocrx_word' id='word_1_618' title='bbox 180 4296 226 4368; x_wconf 90' lang='lat' dir='ltr'>qui</span> <span class='ocrx_word' id='word_1_619' title='bbox 240 4296 316 4369; x_wconf 89' lang='lat' dir='ltr'>prius</span> <span class='ocrx_word' id='word_1_620' title='bbox 329 4313 390 4354; x_wconf 92' lang='lat' dir='ltr'>eum</span> <span class='ocrx_word' id='word_1_621' title='bbox 402 4299 587 4366; x_wconf 84' lang='lat' dir='ltr'>deseruerant,</span> <span class='ocrx_word' id='word_1_622' title='bbox 601 4307 629 4356; x_wconf 88' lang='lat' dir='ltr'>ct</span> <span class='ocrx_word' id='word_1_623' title='bbox 638 4299 769 4383; x_wconf 74' lang='lat' dir='ltr'>mtq&#39;orem</span> <span class='ocrx_word' id='word_1_624' title='bbox 784 4293 909 4357; x_wconf 86' lang='lat' dir='ltr'>llduciam</span> <span class='ocrx_word' id='word_1_625' title='bbox 918 4316 976 4374; x_wconf 73' lang='lat' dir='ltr'>prae</span> <span class='ocrx_word' id='word_1_626' title='bbox 1030 4305 1091 4354; x_wconf 91' lang='lat' dir='ltr'>ctor</span> <span class='ocrx_word' id='word_1_627' title='bbox 1103 4303 1162 4352; x_wconf 90' lang='lat' dir='ltr'>erat</span> <span class='ocrx_word' id='word_1_628' title='bbox 1173 4338 1181 4363; x_wconf 98' lang='lat'>,</span> <span class='ocrx_word' id='word_1_629' title='bbox 1194 4303 1223 4352; x_wconf 89' lang='grc' dir='ltr'>ιι</span> <span class='ocrx_word' id='word_1_630' title='bbox 1233 4293 1402 4352; x_wconf 85' lang='lat' dir='ltr'>adversarius</span> <span class='ocrx_word' id='word_1_631' title='bbox 1414 4294 1483 4362; x_wconf 83' lang='lat' dir='ltr'>bei,</span> <span class='ocrx_word' id='word_1_632' title='bbox 1499 4301 1578 4368; x_wconf 88' lang='lat' dir='ltr'>prout</span> <span class='ocrx_word' id='word_1_633' title='bbox 1592 4295 1699 4365; x_wconf 91' lang='lat' dir='ltr'>dicitis,</span> <span class='ocrx_word' id='word_1_634' title='bbox 1720 4295 1827 4352; x_wconf 72' lang='lat' dir='ltr'>scelest-</span> 
     </span>
     <span class='ocr_line' id='line_1_44' title="bbox 180 4388 1828 4462; baseline -0.001 -18"><span class='ocrx_word' id='word_1_635' title='bbox 180 4401 212 4444; x_wconf 85' lang='grc' dir='ltr'>ιι</span> <span class='ocrx_word' id='word_1_636' title='bbox 223 4388 303 4455; x_wconf 81' lang='lat' dir='ltr'>ieme,</span> <span class='ocrx_word' id='word_1_637' title='bbox 315 4390 387 4445; x_wconf 87' lang='lat' dir='ltr'>omoi</span> <span class='ocrx_word' id='word_1_638' title='bbox 400 4389 698 4462; x_wconf 86' lang='lat' dir='ltr'>exparteillustriorem</span> <span class='ocrx_word' id='word_1_639' title='bbox 706 4407 796 4448; x_wconf 78' lang='lat' dir='ltr'>remm</span> <span class='ocrx_word' id='word_1_640' title='bbox 806 4390 904 4449; x_wconf 84' lang='lat' dir='ltr'>luctam</span> <span class='ocrx_word' id='word_1_641' title='bbox 915 4407 977 4451; x_wconf 84' lang='lat' dir='ltr'>esso</span> <span class='ocrx_word' id='word_1_642' title='bbox 1029 4388 1116 4447; x_wconf 76' lang='lat' dir='ltr'>iudai</span> <span class='ocrx_word' id='word_1_643' title='bbox 1129 4430 1137 4456; x_wconf 89' lang='lat'>,</span> <span class='ocrx_word' id='word_1_644' title='bbox 1150 4403 1230 4460; x_wconf 90' lang='lat' dir='ltr'>quam</span> <span class='ocrx_word' id='word_1_645' title='bbox 1242 4389 1277 4446; x_wconf 93' lang='lat' dir='ltr'>ob</span> <span class='ocrx_word' id='word_1_646' title='bbox 1295 4403 1403 4445; x_wconf 85' lang='lat' dir='ltr'>oausam</span> <span class='ocrx_word' id='word_1_647' title='bbox 1425 4389 1581 4461; x_wconf 79' lang='lat' dir='ltr'>sanquinem</span> <span class='ocrx_word' id='word_1_648' title='bbox 1603 4388 1687 4460; x_wconf 88' lang='lat' dir='ltr'>ipsius</span> <span class='ocrx_word' id='word_1_649' title='bbox 1707 4389 1828 4446; x_wconf 73' lang='lat' dir='ltr'>timetis?</span> 
     </span>
     <span class='ocr_line' id='line_1_45' title="bbox 180 4479 1828 4554; baseline -0.001 -17"><span class='ocrx_word' id='word_1_650' title='bbox 180 4480 367 4548; x_wconf 89' lang='lat' dir='ltr'>mutationem,</span> <span class='ocrx_word' id='word_1_651' title='bbox 381 4481 523 4554; x_wconf 87' lang='lat' dir='ltr'>omniaque</span> <span class='ocrx_word' id='word_1_652' title='bbox 537 4483 628 4539; x_wconf 90' lang='lat' dir='ltr'>tutiori</span> <span class='ocrx_word' id='word_1_653' title='bbox 648 4497 681 4539; x_wconf 89' lang='lat' dir='ltr'>ac</span> <span class='ocrx_word' id='word_1_654' title='bbox 700 4482 853 4554; x_wconf 75' lang='lat' dir='ltr'>iucundiori</span> <span class='ocrx_word' id='word_1_655' title='bbox 874 4498 936 4541; x_wconf 90' lang='lat' dir='ltr'>csse</span> <span class='ocrx_word' id='word_1_656' title='bbox 950 4483 976 4540; x_wconf 90' lang='lat' dir='ltr'>in</span> <span class='ocrx_word' id='word_1_657' title='bbox 1031 4482 1139 4540; x_wconf 82' lang='lat' dir='ltr'>Etenim</span> <span class='ocrx_word' id='word_1_658' title='bbox 1153 4482 1176 4539; x_wconf 91' lang='lat' dir='ltr'>si</span> <span class='ocrx_word' id='word_1_659' title='bbox 1190 4481 1251 4539; x_wconf 87' lang='lat' dir='ltr'>talis</span> <span class='ocrx_word' id='word_1_660' title='bbox 1265 4491 1323 4538; x_wconf 87' lang='lat' dir='ltr'>erat</span> <span class='ocrx_word' id='word_1_661' title='bbox 1334 4522 1342 4548; x_wconf 93' lang='lat'>,</span> <span class='ocrx_word' id='word_1_662' title='bbox 1353 4481 1424 4538; x_wconf 91' lang='lat' dir='ltr'>illius</span> <span class='ocrx_word' id='word_1_663' title='bbox 1436 4481 1516 4538; x_wconf 89' lang='lat' dir='ltr'>etiam</span> <span class='ocrx_word' id='word_1_664' title='bbox 1529 4479 1616 4538; x_wconf 87' lang='lat' dir='ltr'>luerat</span> <span class='ocrx_word' id='word_1_665' title='bbox 1626 4479 1699 4538; x_wconf 79' lang='lat' dir='ltr'>caedo</span> <span class='ocrx_word' id='word_1_666' title='bbox 1709 4479 1828 4552; x_wconf 72' lang='lat' dir='ltr'>glorian·</span> 
     </span>
     <span class='ocr_line' id='line_1_46' title="bbox 181 4571 1825 4647; baseline 0.001 -19"><span class='ocrx_word' id='word_1_667' title='bbox 181 4580 254 4629; x_wconf 85' lang='lat' dir='ltr'>etatu</span> <span class='ocrx_word' id='word_1_668' title='bbox 279 4573 424 4640; x_wconf 80' lang='lat' dir='ltr'>collomta,</span> <span class='ocrx_word' id='word_1_669' title='bbox 451 4583 506 4632; x_wconf 91' lang='lat' dir='ltr'>tum</span> <span class='ocrx_word' id='word_1_670' title='bbox 529 4574 588 4646; x_wconf 90' lang='lat' dir='ltr'>ipso</span> <span class='ocrx_word' id='word_1_671' title='bbox 614 4589 704 4632; x_wconf 86' lang='lat' dir='ltr'>rerum</span> <span class='ocrx_word' id='word_1_672' title='bbox 727 4574 912 4647; x_wconf 81' lang='lat' dir='ltr'>experimento</span> <span class='ocrx_word' id='word_1_673' title='bbox 931 4590 978 4632; x_wconf 91' lang='lat' dir='ltr'>co-</span> <span class='ocrx_word' id='word_1_674' title='bbox 1030 4573 1106 4632; x_wconf 90' lang='lat' dir='ltr'>dum.</span> <span class='ocrx_word' id='word_1_675' title='bbox 1121 4571 1176 4631; x_wconf 88' lang='lat' dir='ltr'>Sed</span> <span class='ocrx_word' id='word_1_676' title='bbox 1191 4573 1317 4646; x_wconf 86' lang='lat' dir='ltr'>quoniam</span> <span class='ocrx_word' id='word_1_677' title='bbox 1332 4573 1393 4630; x_wconf 89' lang='lat' dir='ltr'>talis</span> <span class='ocrx_word' id='word_1_678' title='bbox 1406 4588 1460 4630; x_wconf 91' lang='lat' dir='ltr'>nou</span> <span class='ocrx_word' id='word_1_679' title='bbox 1472 4580 1550 4639; x_wconf 89' lang='lat' dir='ltr'>erat,</span> <span class='ocrx_word' id='word_1_680' title='bbox 1568 4571 1668 4630; x_wconf 88' lang='lat' dir='ltr'>idcirco</span> <span class='ocrx_word' id='word_1_681' title='bbox 1681 4581 1825 4630; x_wconf 88' lang='lat' dir='ltr'>tremunt..</span> 
     </span>
     <span class='ocr_line' id='line_1_47' title="bbox 181 4665 1906 4740; baseline -0.001 -18"><span class='ocrx_word' id='word_1_682' title='bbox 181 4679 293 4740; x_wconf 78' lang='lat' dir='ltr'>qnoscc,</span> <span class='ocrx_word' id='word_1_683' title='bbox 308 4665 463 4724; x_wconf 84' lang='lat' dir='ltr'>restuisti</span> <span class='ocrx_word' id='word_1_684' title='bbox 476 4683 530 4725; x_wconf 91' lang='lat' dir='ltr'>uon</span> <span class='ocrx_word' id='word_1_685' title='bbox 543 4683 604 4725; x_wconf 91' lang='lat' dir='ltr'>esse</span> <span class='ocrx_word' id='word_1_686' title='bbox 628 4668 723 4726; x_wconf 88' lang='lat' dir='ltr'>mortis</span> <span class='ocrx_word' id='word_1_687' title='bbox 744 4669 840 4724; x_wconf 89' lang='lat' dir='ltr'>linibus</span> <span class='ocrx_word' id='word_1_688' title='bbox 863 4668 978 4725; x_wconf 91' lang='lat' dir='ltr'>circum-</span> <span class='ocrx_word' id='word_1_689' title='bbox 1067 4667 1094 4724; x_wconf 86' lang='grc'>9.</span> <span class='ocrx_word' id='word_1_690' title='bbox 1118 4665 1328 4739; x_wconf 81' lang='lat' dir='ltr'>Videsundique</span> <span class='ocrx_word' id='word_1_691' title='bbox 1341 4674 1369 4724; x_wconf 92' lang='lat' dir='ltr'>et</span> <span class='ocrx_word' id='word_1_692' title='bbox 1390 4665 1512 4722; x_wconf 89' lang='lat' dir='ltr'>inimicos</span> <span class='ocrx_word' id='word_1_693' title='bbox 1526 4675 1642 4724; x_wconf 79' lang='grc' dir='ltr'>ιιιιιιι</span> <span class='ocrx_word' id='word_1_694' title='bbox 1661 4680 1693 4722; x_wconf 88' lang='grc' dir='ltr'>ιι</span> <span class='ocrx_word' id='word_1_695' title='bbox 1710 4665 1828 4722; x_wconf 78' lang='lat' dir='ltr'>timeret</span> <span class='ocrx_word' id='word_1_696' title='bbox 1901 4671 1906 4680; x_wconf 90' lang='grc'><strong>’</strong></span> 
     </span>
     <span class='ocr_line' id='line_1_48' title="bbox 182 4755 1828 4831; baseline -0.004 -15"><span class='ocrx_word' id='word_1_697' title='bbox 182 4760 284 4826; x_wconf 85' lang='grc' dir='ltr'>ιιιιιι,</span> <span class='ocrx_word' id='word_1_698' title='bbox 297 4759 346 4817; x_wconf 92' lang='lat' dir='ltr'>scd</span> <span class='ocrx_word' id='word_1_699' title='bbox 355 4760 580 4819; x_wconf 70' lang='lat' dir='ltr'>rmumectionem</span> <span class='ocrx_word' id='word_1_700' title='bbox 591 4760 630 4817; x_wconf 92' lang='lat' dir='ltr'>illi</span> <span class='ocrx_word' id='word_1_701' title='bbox 645 4761 816 4826; x_wconf 71' lang='lat' dir='ltr'>successisse,</span> <span class='ocrx_word' id='word_1_702' title='bbox 831 4775 863 4818; x_wconf 89' lang='lat' dir='ltr'>ac</span> <span class='ocrx_word' id='word_1_703' title='bbox 874 4761 977 4829; x_wconf 83' lang='lat' dir='ltr'>uisere,</span> <span class='ocrx_word' id='word_1_704' title='bbox 1030 4759 1107 4816; x_wconf 83' lang='lat' dir='ltr'>rides</span> <span class='ocrx_word' id='word_1_705' title='bbox 1121 4759 1226 4815; x_wconf 90' lang='lat' dir='ltr'>illorum</span> <span class='ocrx_word' id='word_1_706' title='bbox 1240 4757 1424 4814; x_wconf 77' lang='lat' dir='ltr'>anxietatem!</span> <span class='ocrx_word' id='word_1_707' title='bbox 1444 4757 1572 4814; x_wconf 82' lang='lat' dir='ltr'>Crucilixi</span> <span class='ocrx_word' id='word_1_708' title='bbox 1584 4772 1691 4831; x_wconf 89' lang='lat' dir='ltr'>quoque</span> <span class='ocrx_word' id='word_1_709' title='bbox 1703 4755 1828 4828; x_wconf 72' lang='lat' dir='ltr'>benigni·</span> 
     </span>
     <span class='ocr_line' id='line_1_49' title="bbox 182 4845 1829 4927; baseline -0.004 -18"><span class='ocrx_word' id='word_1_710' title='bbox 182 4852 407 4925; x_wconf 87' lang='lat' dir='ltr'>superstitemquo</span> <span class='ocrx_word' id='word_1_711' title='bbox 432 4863 564 4927; x_wconf 90' lang='lat' dir='ltr'>perpetuo</span> <span class='ocrx_word' id='word_1_712' title='bbox 580 4852 735 4910; x_wconf 86' lang='lat' dir='ltr'>cruciltxum</span> <span class='ocrx_word' id='word_1_713' title='bbox 759 4867 869 4909; x_wconf 89' lang='lat' dir='ltr'>manere</span> <span class='ocrx_word' id='word_1_714' title='bbox 893 4853 977 4908; x_wconf 83' lang='grc' dir='ltr'>[ιιιιιι</span> <span class='ocrx_word' id='word_1_715' title='bbox 1033 4860 1115 4908; x_wconf 91' lang='lat' dir='ltr'>tatem</span> <span class='ocrx_word' id='word_1_716' title='bbox 1129 4864 1271 4922; x_wconf 72' lang='lat' dir='ltr'>cognosce.</span> <span class='ocrx_word' id='word_1_717' title='bbox 1287 4847 1424 4921; x_wconf 87' lang='lat' dir='ltr'>Siquidem</span> <span class='ocrx_word' id='word_1_718' title='bbox 1436 4848 1474 4904; x_wconf 94' lang='lat' dir='ltr'>illi</span> <span class='ocrx_word' id='word_1_719' title='bbox 1484 4847 1591 4920; x_wconf 89' lang='lat' dir='ltr'>quidem</span> <span class='ocrx_word' id='word_1_720' title='bbox 1601 4846 1744 4904; x_wconf 89' lang='lat' dir='ltr'>dicebant:</span> <span class='ocrx_word' id='word_1_721' title='bbox 1760 4845 1829 4902; x_wconf 84' lang='lat' dir='ltr'>Sun-</span> 
     </span>
     <span class='ocr_line' id='line_1_50' title="bbox 182 4936 1828 5018; baseline -0.003 -18"><span class='ocrx_word' id='word_1_722' title='bbox 182 4943 375 5003; x_wconf 83' lang='lat' dir='ltr'>immutabilem</span> <span class='ocrx_word' id='word_1_723' title='bbox 388 4956 416 5004; x_wconf 93' lang='lat' dir='ltr'>et</span> <span class='ocrx_word' id='word_1_724' title='bbox 426 4947 617 5006; x_wconf 86' lang='lat' dir='ltr'>immortalem.</span> <span class='ocrx_word' id='word_1_725' title='bbox 645 4945 739 5018; x_wconf 85' lang='lat' dir='ltr'>Neque</span> <span class='ocrx_word' id='word_1_726' title='bbox 750 4945 822 5002; x_wconf 89' lang='lat' dir='ltr'>emim</span> <span class='ocrx_word' id='word_1_727' title='bbox 843 4943 978 5017; x_wconf 88' lang='lat' dir='ltr'>discipuli,</span> <span class='ocrx_word' id='word_1_728' title='bbox 1033 4946 1090 5018; x_wconf 82' lang='lat' dir='ltr'>puis</span> <span class='ocrx_word' id='word_1_729' title='bbox 1103 4944 1158 5016; x_wconf 81' lang='lat' dir='ltr'>ejus</span> <span class='ocrx_word' id='word_1_730' title='bbox 1167 4957 1244 5014; x_wconf 81' lang='lat' dir='ltr'>super</span> <span class='ocrx_word' id='word_1_731' title='bbox 1254 4957 1301 4997; x_wconf 82' lang='lat' dir='ltr'>eoa</span> <span class='ocrx_word' id='word_1_732' title='bbox 1312 4981 1320 5010; x_wconf 93' lang='lat'>,</span> <span class='ocrx_word' id='word_1_733' title='bbox 1333 4949 1357 4996; x_wconf 91' lang='lat' dir='ltr'>et</span> <span class='ocrx_word' id='word_1_734' title='bbox 1371 4956 1447 5012; x_wconf 81' lang='lat' dir='ltr'>cuper</span> <span class='ocrx_word' id='word_1_735' title='bbox 1460 4941 1527 5012; x_wconf 76' lang='lat' dir='ltr'>filios</span> <span class='ocrx_word' id='word_1_736' title='bbox 1542 4949 1640 4996; x_wconf 82' lang='lat' dir='ltr'>nostros</span> <span class='ocrx_word' id='word_1_737' title='bbox 1653 4939 1663 5012; x_wconf 89' lang='grc'><strong>(</strong></span> <span class='ocrx_word' id='word_1_738' title='bbox 1675 4936 1769 4992; x_wconf 84' lang='lat' dir='ltr'>llottlr.</span> <span class='ocrx_word' id='word_1_739' title='bbox 1782 4936 1828 4995; x_wconf 67' lang='grc' dir='ltr'>ιι.</span> 
     </span>
     <span class='ocr_line' id='line_1_51' title="bbox 183 5027 1833 5110; baseline -0.003 -22"><span class='ocrx_word' id='word_1_740' title='bbox 183 5034 237 5090; x_wconf 86' lang='lat' dir='ltr'>uisi</span> <span class='ocrx_word' id='word_1_741' title='bbox 252 5037 443 5094; x_wconf 79' lang='lat' dir='ltr'>resurrexisset</span> <span class='ocrx_word' id='word_1_742' title='bbox 466 5053 499 5095; x_wconf 91' lang='lat' dir='ltr'>ac</span> <span class='ocrx_word' id='word_1_743' title='bbox 528 5039 643 5108; x_wconf 83' lang='lat' dir='ltr'>vireret,</span> <span class='ocrx_word' id='word_1_744' title='bbox 667 5038 768 5110; x_wconf 80' lang='lat' dir='ltr'>majora</span> <span class='ocrx_word' id='word_1_745' title='bbox 792 5048 884 5110; x_wconf 84' lang='lat' dir='ltr'>postea</span> <span class='ocrx_word' id='word_1_746' title='bbox 898 5034 980 5093; x_wconf 89' lang='lat' dir='ltr'>mira·</span> <span class='ocrx_word' id='word_1_747' title='bbox 1033 5038 1069 5094; x_wconf 79' lang='lat'>25</span> <span class='ocrx_word' id='word_1_748' title='bbox 1083 5035 1111 5108; x_wconf 75' lang='grc' dir='ltr'>ιι</span> <span class='ocrx_word' id='word_1_749' title='bbox 1127 5033 1249 5092; x_wconf 84' lang='lat' dir='ltr'>Christus</span> <span class='ocrx_word' id='word_1_750' title='bbox 1269 5043 1359 5090; x_wconf 88' lang='lat' dir='ltr'>autem</span> <span class='ocrx_word' id='word_1_751' title='bbox 1382 5047 1436 5090; x_wconf 91' lang='lat' dir='ltr'>nou</span> <span class='ocrx_word' id='word_1_752' title='bbox 1455 5032 1493 5089; x_wconf 91' lang='lat' dir='ltr'>ita</span> <span class='ocrx_word' id='word_1_753' title='bbox 1510 5031 1592 5100; x_wconf 90' lang='lat' dir='ltr'>lecit;</span> <span class='ocrx_word' id='word_1_754' title='bbox 1613 5044 1706 5087; x_wconf 82' lang='lat' dir='ltr'>aarum</span> <span class='ocrx_word' id='word_1_755' title='bbox 1728 5027 1833 5101; x_wconf 90' lang='lat' dir='ltr'>suppli·</span> 
     </span>
     <span class='ocr_line' id='line_1_52' title="bbox 183 5120 1866 5204; baseline -0.003 -24"><span class='ocrx_word' id='word_1_756' title='bbox 183 5125 245 5180; x_wconf 89' lang='lat' dir='ltr'>cula</span> <span class='ocrx_word' id='word_1_757' title='bbox 266 5133 427 5196; x_wconf 85' lang='lat' dir='ltr'>patrassent,</span> <span class='ocrx_word' id='word_1_758' title='bbox 453 5144 532 5200; x_wconf 89' lang='lat' dir='ltr'>qnam</span> <span class='ocrx_word' id='word_1_759' title='bbox 559 5147 619 5200; x_wconf 73' lang='lat' dir='ltr'>quac</span> <span class='ocrx_word' id='word_1_760' title='bbox 645 5145 752 5186; x_wconf 85' lang='lat' dir='ltr'>crucem</span> <span class='ocrx_word' id='word_1_761' title='bbox 776 5138 976 5200; x_wconf 78' lang='lat' dir='ltr'>processerant.</span> <span class='ocrx_word' id='word_1_762' title='bbox 1034 5143 1100 5186; x_wconf 87' lang='lat' dir='ltr'>cans</span> <span class='ocrx_word' id='word_1_763' title='bbox 1115 5125 1188 5184; x_wconf 86' lang='lat' dir='ltr'>Patri</span> <span class='ocrx_word' id='word_1_764' title='bbox 1203 5125 1259 5193; x_wconf 89' lang='lat' dir='ltr'>ait,</span> <span class='ocrx_word' id='word_1_765' title='bbox 1275 5123 1355 5181; x_wconf 82' lang='lat' dir='ltr'>Pater</span> <span class='ocrx_word' id='word_1_766' title='bbox 1367 5165 1375 5193; x_wconf 90' lang='lat'><strong>‚</strong></span> <span class='ocrx_word' id='word_1_767' title='bbox 1389 5125 1487 5180; x_wconf 84' lang='lat' dir='ltr'>dimitte</span> <span class='ocrx_word' id='word_1_768' title='bbox 1497 5123 1549 5179; x_wconf 82' lang='lat' dir='ltr'>iilia</span> <span class='ocrx_word' id='word_1_769' title='bbox 1560 5137 1635 5199; x_wconf 19' lang='lat' dir='ltr'>:lucu</span> <span class='ocrx_word' id='word_1_770' title='bbox 1648 5122 1715 5177; x_wconf 85' lang='lat' dir='ltr'>enim</span> <span class='ocrx_word' id='word_1_771' title='bbox 1728 5120 1830 5204; x_wconf 59' lang='lat' dir='ltr'>edunt,</span> <span class='ocrx_word' id='word_1_772' title='bbox 1858 5134 1866 5147; x_wconf 85' lang='lat'><strong><em>¹</em></strong></span> 
     </span>
     <span class='ocr_line' id='line_1_53' title="bbox 184 5211 1831 5294; baseline -0.004 -20"><span class='ocrx_word' id='word_1_773' title='bbox 184 5215 253 5274; x_wconf 82' lang='lat' dir='ltr'>llam</span> <span class='ocrx_word' id='word_1_774' title='bbox 268 5223 324 5272; x_wconf 94' lang='lat' dir='ltr'>tum</span> <span class='ocrx_word' id='word_1_775' title='bbox 339 5221 466 5289; x_wconf 90' lang='lat' dir='ltr'>temporis</span> <span class='ocrx_word' id='word_1_776' title='bbox 478 5221 560 5276; x_wconf 90' lang='lat' dir='ltr'>etiam</span> <span class='ocrx_word' id='word_1_777' title='bbox 572 5221 696 5292; x_wconf 89' lang='lat' dir='ltr'>discipuli</span> <span class='ocrx_word' id='word_1_778' title='bbox 718 5221 884 5294; x_wconf 88' lang='lat' dir='ltr'>reliquerunt</span> <span class='ocrx_word' id='word_1_779' title='bbox 896 5238 976 5279; x_wconf 76' lang='lat' dir='ltr'>erim:</span> <span class='ocrx_word' id='word_1_780' title='bbox 1033 5219 1094 5292; x_wconf 83' lang='lat' dir='ltr'>qaid</span> <span class='ocrx_word' id='word_1_781' title='bbox 1110 5217 1206 5292; x_wconf 75' lang='lat' dir='ltr'>fuciunt</span> <span class='ocrx_word' id='word_1_782' title='bbox 1220 5215 1230 5288; x_wconf 88' lang='grc'><strong>(</strong></span> <span class='ocrx_word' id='word_1_783' title='bbox 1244 5213 1307 5271; x_wconf 81' lang='lat' dir='ltr'>bur.</span> <span class='ocrx_word' id='word_1_784' title='bbox 1320 5215 1366 5272; x_wconf 74' lang='lat'>25.</span> <span class='ocrx_word' id='word_1_785' title='bbox 1382 5217 1417 5272; x_wconf 77' lang='grc'>54</span> <span class='ocrx_word' id='word_1_786' title='bbox 1428 5213 1451 5289; x_wconf 91' lang='grc'>).</span> <span class='ocrx_word' id='word_1_787' title='bbox 1466 5214 1495 5271; x_wconf 90' lang='lat' dir='ltr'>Sl</span> <span class='ocrx_word' id='word_1_788' title='bbox 1508 5213 1579 5270; x_wconf 90' lang='lat' dir='ltr'>cuim</span> <span class='ocrx_word' id='word_1_789' title='bbox 1592 5227 1673 5282; x_wconf 87' lang='lat' dir='ltr'>super</span> <span class='ocrx_word' id='word_1_790' title='bbox 1689 5211 1749 5268; x_wconf 90' lang='lat' dir='ltr'>illos</span> <span class='ocrx_word' id='word_1_791' title='bbox 1766 5227 1831 5267; x_wconf 90' lang='lat' dir='ltr'>san·</span> 
     </span>
     <span class='ocr_line' id='line_1_54' title="bbox 183 5305 1831 5386; baseline -0.002 -22"><span class='ocrx_word' id='word_1_792' title='bbox 183 5307 239 5381; x_wconf 82' lang='lat' dir='ltr'>jam</span> <span class='ocrx_word' id='word_1_793' title='bbox 253 5322 319 5365; x_wconf 82' lang='lat' dir='ltr'>tero</span> <span class='ocrx_word' id='word_1_794' title='bbox 333 5316 405 5364; x_wconf 90' lang='lat' dir='ltr'>totus</span> <span class='ocrx_word' id='word_1_795' title='bbox 418 5311 540 5375; x_wconf 83' lang='lat' dir='ltr'>edilium</span> <span class='ocrx_word' id='word_1_796' title='bbox 552 5313 626 5368; x_wconf 87' lang='lat' dir='ltr'>orbis</span> <span class='ocrx_word' id='word_1_797' title='bbox 639 5322 771 5369; x_wconf 88' lang='lat' dir='ltr'>terrarum</span> <span class='ocrx_word' id='word_1_798' title='bbox 783 5315 917 5382; x_wconf 87' lang='lat' dir='ltr'>accurrit,</span> <span class='ocrx_word' id='word_1_799' title='bbox 933 5331 981 5371; x_wconf 88' lang='lat' dir='ltr'>uc·</span> <span class='ocrx_word' id='word_1_800' title='bbox 1033 5312 1094 5386; x_wconf 77' lang='lat' dir='ltr'>quis</span> <span class='ocrx_word' id='word_1_801' title='bbox 1108 5311 1220 5377; x_wconf 89' lang='lat' dir='ltr'>luisset,</span> <span class='ocrx_word' id='word_1_802' title='bbox 1237 5317 1264 5365; x_wconf 94' lang='lat' dir='ltr'>et</span> <span class='ocrx_word' id='word_1_803' title='bbox 1278 5323 1359 5380; x_wconf 87' lang='lat' dir='ltr'>super</span> <span class='ocrx_word' id='word_1_804' title='bbox 1378 5307 1448 5363; x_wconf 91' lang='lat' dir='ltr'>lilios</span> <span class='ocrx_word' id='word_1_805' title='bbox 1467 5305 1593 5373; x_wconf 87' lang='lat' dir='ltr'>illorum,</span> <span class='ocrx_word' id='word_1_806' title='bbox 1613 5317 1779 5376; x_wconf 89' lang='lat' dir='ltr'>nequaquam</span> <span class='ocrx_word' id='word_1_807' title='bbox 1796 5319 1831 5360; x_wconf 87' lang='lat' dir='ltr'>cx</span> 
     </span>
    </p>
   </div>
   <div class='ocr_carea' id='block_1_5' title="bbox 185 5397 1943 5478">
    <p class='ocr_par' dir='ltr' id='par_1_5' title="bbox 185 5397 1943 5478">
     <span class='ocr_line' id='line_1_55' title="bbox 185 5397 1943 5478; baseline -0.001 -23"><span class='ocrx_word' id='word_1_808' title='bbox 185 5415 239 5472; x_wconf 87' lang='lat' dir='ltr'>quc</span> <span class='ocrx_word' id='word_1_809' title='bbox 252 5398 349 5456; x_wconf 83' lang='lat' dir='ltr'>Petrus</span> <span class='ocrx_word' id='word_1_810' title='bbox 362 5401 449 5458; x_wconf 92' lang='lat' dir='ltr'>solnm</span> <span class='ocrx_word' id='word_1_811' title='bbox 462 5444 471 5470; x_wconf 96' lang='lat'>,</span> <span class='ocrx_word' id='word_1_812' title='bbox 484 5403 531 5460; x_wconf 90' lang='lat' dir='ltr'>sed</span> <span class='ocrx_word' id='word_1_813' title='bbox 545 5413 573 5460; x_wconf 92' lang='grc' dir='ltr'>ιι</span> <span class='ocrx_word' id='word_1_814' title='bbox 587 5404 660 5459; x_wconf 89' lang='lat' dir='ltr'>mille</span> <span class='ocrx_word' id='word_1_815' title='bbox 672 5405 736 5470; x_wconf 89' lang='lat' dir='ltr'>alii,</span> <span class='ocrx_word' id='word_1_816' title='bbox 751 5420 782 5460; x_wconf 90' lang='lat' dir='ltr'>ac</span> <span class='ocrx_word' id='word_1_817' title='bbox 796 5405 981 5478; x_wconf 89' lang='lat' dir='ltr'>multoplures</span> <span class='ocrx_word' id='word_1_818' title='bbox 1036 5403 1144 5478; x_wconf 85' lang='lat' dir='ltr'>illorum</span> <span class='ocrx_word' id='word_1_819' title='bbox 1157 5401 1219 5458; x_wconf 88' lang='lat' dir='ltr'>liliis</span> <span class='ocrx_word' id='word_1_820' title='bbox 1232 5401 1329 5460; x_wconf 85' lang='lat' dir='ltr'>delecti</span> <span class='ocrx_word' id='word_1_821' title='bbox 1342 5408 1433 5457; x_wconf 90' lang='lat' dir='ltr'>essent</span> <span class='ocrx_word' id='word_1_822' title='bbox 1445 5397 1559 5471; x_wconf 88' lang='lat' dir='ltr'>apostoli</span> <span class='ocrx_word' id='word_1_823' title='bbox 1581 5415 1588 5452; x_wconf 91' lang='lat'><strong>:</strong></span> <span class='ocrx_word' id='word_1_824' title='bbox 1609 5413 1775 5470; x_wconf 87' lang='lat' dir='ltr'>nequaquam</span> <span class='ocrx_word' id='word_1_825' title='bbox 1791 5406 1832 5454; x_wconf 89' lang='lat' dir='ltr'>ter</span> <span class='ocrx_word' id='word_1_826' title='bbox 1939 5457 1943 5462; x_wconf 71' lang='grc'><strong>,</strong></span> 
     </span>
    </p>
   </div>
   <div class='ocr_carea' id='block_1_6' title="bbox 186 5489 1834 5948">
    <p class='ocr_par' dir='ltr' id='par_1_6' title="bbox 186 5489 1834 5948">
     <span class='ocr_line' id='line_1_56' title="bbox 186 5489 1833 5570; baseline -0.001 -21"><span class='ocrx_word' id='word_1_827' title='bbox 186 5501 247 5564; x_wconf 90' lang='lat' dir='ltr'>post</span> <span class='ocrx_word' id='word_1_828' title='bbox 261 5493 391 5563; x_wconf 90' lang='lat' dir='ltr'>Petrum,</span> <span class='ocrx_word' id='word_1_829' title='bbox 411 5512 444 5551; x_wconf 81' lang='lat' dir='ltr'>ex</span> <span class='ocrx_word' id='word_1_830' title='bbox 466 5496 519 5552; x_wconf 93' lang='lat' dir='ltr'>illis</span> <span class='ocrx_word' id='word_1_831' title='bbox 542 5497 587 5570; x_wconf 88' lang='lat' dir='ltr'>qui</span> <span class='ocrx_word' id='word_1_832' title='bbox 610 5497 685 5552; x_wconf 92' lang='lat' dir='ltr'>illum</span> <span class='ocrx_word' id='word_1_833' title='bbox 707 5497 818 5556; x_wconf 85' lang='lat' dir='ltr'>minime</span> <span class='ocrx_word' id='word_1_834' title='bbox 839 5497 980 5569; x_wconf 79' lang='lat' dir='ltr'>uiderunt,</span> <span class='ocrx_word' id='word_1_835' title='bbox 1037 5498 1112 5556; x_wconf 88' lang='lat' dir='ltr'>millo</span> <span class='ocrx_word' id='word_1_836' title='bbox 1126 5497 1206 5554; x_wconf 90' lang='lat' dir='ltr'>simul</span> <span class='ocrx_word' id='word_1_837' title='bbox 1219 5494 1513 5564; x_wconf 84' lang='lat' dir='ltr'>credidissent,ncquc</span> <span class='ocrx_word' id='word_1_838' title='bbox 1526 5491 1668 5563; x_wconf 89' lang='lat' dir='ltr'>quinquies</span> <span class='ocrx_word' id='word_1_839' title='bbox 1682 5490 1765 5548; x_wconf 87' lang='lat' dir='ltr'>mille.</span> <span class='ocrx_word' id='word_1_840' title='bbox 1787 5489 1833 5547; x_wconf 83' lang='lat' dir='ltr'>ti-</span> 
     </span>
     <span class='ocr_line' id='line_1_57' title="bbox 187 5584 1833 5664; baseline -0.001 -22"><span class='ocrx_word' id='word_1_841' title='bbox 187 5587 290 5642; x_wconf 88' lang='lat' dir='ltr'>animas</span> <span class='ocrx_word' id='word_1_842' title='bbox 316 5603 365 5658; x_wconf 89' lang='lat' dir='ltr'>pro</span> <span class='ocrx_word' id='word_1_843' title='bbox 385 5588 433 5645; x_wconf 93' lang='lat' dir='ltr'>illo</span> <span class='ocrx_word' id='word_1_844' title='bbox 454 5606 516 5646; x_wconf 90' lang='lat' dir='ltr'>suas</span> <span class='ocrx_word' id='word_1_845' title='bbox 539 5600 738 5663; x_wconf 85' lang='lat' dir='ltr'>exposucmnt,</span> <span class='ocrx_word' id='word_1_846' title='bbox 762 5594 848 5664; x_wconf 86' lang='lat' dir='ltr'>capite</span> <span class='ocrx_word' id='word_1_847' title='bbox 868 5595 982 5651; x_wconf 87' lang='lat' dir='ltr'>truncati</span> <span class='ocrx_word' id='word_1_848' title='bbox 1037 5591 1085 5650; x_wconf 86' lang='lat' dir='ltr'>dos</span> <span class='ocrx_word' id='word_1_849' title='bbox 1097 5600 1127 5648; x_wconf 92' lang='lat' dir='ltr'>ut</span> <span class='ocrx_word' id='word_1_850' title='bbox 1136 5591 1175 5648; x_wconf 93' lang='lat' dir='ltr'>illi</span> <span class='ocrx_word' id='word_1_851' title='bbox 1189 5589 1295 5664; x_wconf 90' lang='lat' dir='ltr'>quidem</span> <span class='ocrx_word' id='word_1_852' title='bbox 1310 5585 1433 5644; x_wconf 90' lang='lat' dir='ltr'>crudeles</span> <span class='ocrx_word' id='word_1_853' title='bbox 1447 5601 1479 5642; x_wconf 89' lang='lat' dir='ltr'>ac</span> <span class='ocrx_word' id='word_1_854' title='bbox 1493 5587 1557 5642; x_wconf 84' lang='lat' dir='ltr'>saeui</span> <span class='ocrx_word' id='word_1_855' title='bbox 1572 5599 1633 5642; x_wconf 88' lang='lat' dir='ltr'>cum</span> <span class='ocrx_word' id='word_1_856' title='bbox 1648 5587 1674 5642; x_wconf 90' lang='lat' dir='ltr'>in</span> <span class='ocrx_word' id='word_1_857' title='bbox 1688 5599 1752 5642; x_wconf 86' lang='lat' dir='ltr'>suos</span> <span class='ocrx_word' id='word_1_858' title='bbox 1764 5584 1833 5640; x_wconf 92' lang='lat' dir='ltr'>libe·</span> 
     </span>
     <span class='ocr_line' id='line_1_58' title="bbox 187 5677 1833 5756; baseline -0.001 -22"><span class='ocrx_word' id='word_1_859' title='bbox 187 5686 269 5746; x_wconf 89' lang='lat' dir='ltr'>sunt,</span> <span class='ocrx_word' id='word_1_860' title='bbox 285 5688 312 5735; x_wconf 92' lang='lat' dir='ltr'>et</span> <span class='ocrx_word' id='word_1_861' title='bbox 325 5679 467 5739; x_wconf 87' lang='lat' dir='ltr'>innumera</span> <span class='ocrx_word' id='word_1_862' title='bbox 478 5690 542 5739; x_wconf 89' lang='lat' dir='ltr'>sunt</span> <span class='ocrx_word' id='word_1_863' title='bbox 555 5682 625 5739; x_wconf 89' lang='lat' dir='ltr'>mala</span> <span class='ocrx_word' id='word_1_864' title='bbox 640 5683 780 5756; x_wconf 88' lang='lat' dir='ltr'>perpessi,</span> <span class='ocrx_word' id='word_1_865' title='bbox 802 5694 829 5739; x_wconf 90' lang='grc' dir='ltr'>ιιι</span> <span class='ocrx_word' id='word_1_866' title='bbox 842 5684 943 5756; x_wconf 72' lang='grc' dir='ltr'>ιιιιςιι</span> <span class='ocrx_word' id='word_1_867' title='bbox 955 5694 983 5742; x_wconf 89' lang='grc' dir='ltr'>ιι</span> <span class='ocrx_word' id='word_1_868' title='bbox 1038 5700 1083 5742; x_wconf 84' lang='grc' dir='ltr'>ιιι</span> <span class='ocrx_word' id='word_1_869' title='bbox 1097 5692 1188 5741; x_wconf 86' lang='lat' dir='ltr'>essent</span> <span class='ocrx_word' id='word_1_870' title='bbox 1201 5723 1209 5751; x_wconf 91' lang='lat'>,</span> <span class='ocrx_word' id='word_1_871' title='bbox 1223 5683 1308 5754; x_wconf 89' lang='lat' dir='ltr'>ipsam</span> <span class='ocrx_word' id='word_1_872' title='bbox 1323 5679 1404 5737; x_wconf 89' lang='lat' dir='ltr'>etiam</span> <span class='ocrx_word' id='word_1_873' title='bbox 1428 5686 1549 5734; x_wconf 88' lang='lat' dir='ltr'>naturam</span> <span class='ocrx_word' id='word_1_874' title='bbox 1569 5679 1744 5751; x_wconf 74' lang='lat' dir='ltr'>abnegarint,</span> <span class='ocrx_word' id='word_1_875' title='bbox 1761 5677 1833 5734; x_wconf 84' lang='lat' dir='ltr'>botta</span> 
     </span>
     <span class='ocr_line' id='line_1_59' title="bbox 189 5769 1832 5850; baseline 0 -24"><span class='ocrx_word' id='word_1_876' title='bbox 189 5769 271 5827; x_wconf 72' lang='lat' dir='ltr'>illaesa</span> <span class='ocrx_word' id='word_1_877' title='bbox 279 5771 539 5844; x_wconf 87' lang='lat' dir='ltr'>ipsiusconlessioue</span> <span class='ocrx_word' id='word_1_878' title='bbox 549 5786 699 5848; x_wconf 85' lang='lat' dir='ltr'>pussenter</span> <span class='ocrx_word' id='word_1_879' title='bbox 711 5776 761 5834; x_wconf 87' lang='lat' dir='ltr'>bac</span> <span class='ocrx_word' id='word_1_880' title='bbox 771 5779 823 5833; x_wconf 83' lang='lat' dir='ltr'>ritu</span> <span class='ocrx_word' id='word_1_881' title='bbox 834 5776 981 5836; x_wconf 87' lang='lat' dir='ltr'>discedere.</span> <span class='ocrx_word' id='word_1_882' title='bbox 1037 5789 1127 5837; x_wconf 89' lang='lat' dir='ltr'>autam</span> <span class='ocrx_word' id='word_1_883' title='bbox 1142 5785 1234 5850; x_wconf 87' lang='lat' dir='ltr'>patres</span> <span class='ocrx_word' id='word_1_884' title='bbox 1242 5789 1337 5834; x_wconf 87' lang='lat' dir='ltr'>omnes</span> <span class='ocrx_word' id='word_1_885' title='bbox 1347 5774 1512 5846; x_wconf 84' lang='lat' dir='ltr'>superaverit</span> <span class='ocrx_word' id='word_1_886' title='bbox 1524 5773 1705 5846; x_wconf 73' lang='lat' dir='ltr'>benignitate,</span> <span class='ocrx_word' id='word_1_887' title='bbox 1717 5785 1750 5829; x_wconf 89' lang='lat' dir='ltr'>ac</span> <span class='ocrx_word' id='word_1_888' title='bbox 1761 5771 1832 5828; x_wconf 87' lang='lat' dir='ltr'>lilios</span> 
     </span>
     <span class='ocr_line' id='line_1_60' title="bbox 190 5859 1834 5948; baseline 0.001 -26"><span class='ocrx_word' id='word_1_889' title='bbox 190 5863 330 5948; x_wconf 77' lang='lat' dir='ltr'>Quomodo</span> <span class='ocrx_word' id='word_1_890' title='bbox 342 5884 410 5942; x_wconf 77' lang='lat' dir='ltr'>erqo</span> <span class='ocrx_word' id='word_1_891' title='bbox 422 5872 445 5928; x_wconf 90' lang='lat' dir='ltr'>is</span> <span class='ocrx_word' id='word_1_892' title='bbox 456 5872 501 5944; x_wconf 91' lang='lat' dir='ltr'>qui</span> <span class='ocrx_word' id='word_1_893' title='bbox 514 5879 636 5930; x_wconf 72' lang='lat' dir='ltr'>manuus</span> <span class='ocrx_word' id='word_1_894' title='bbox 656 5880 714 5928; x_wconf 86' lang='lat' dir='ltr'>erat</span> <span class='ocrx_word' id='word_1_895' title='bbox 731 5881 758 5928; x_wconf 90' lang='grc' dir='ltr'>ιι</span> <span class='ocrx_word' id='word_1_896' title='bbox 776 5871 901 5948; x_wconf 85' lang='lat' dir='ltr'>sepulcro</span> <span class='ocrx_word' id='word_1_897' title='bbox 919 5887 982 5929; x_wconf 85' lang='lat' dir='ltr'>ron·</span> <span class='ocrx_word' id='word_1_898' title='bbox 1037 5871 1132 5944; x_wconf 83' lang='lat' dir='ltr'>majori</span> <span class='ocrx_word' id='word_1_899' title='bbox 1144 5883 1225 5942; x_wconf 87' lang='lat' dir='ltr'>quam</span> <span class='ocrx_word' id='word_1_900' title='bbox 1238 5873 1337 5926; x_wconf 85' lang='lat' dir='ltr'>matres</span> <span class='ocrx_word' id='word_1_901' title='bbox 1358 5863 1438 5926; x_wconf 86' lang='lat' dir='ltr'>luerit</span> <span class='ocrx_word' id='word_1_902' title='bbox 1458 5879 1550 5924; x_wconf 89' lang='lat' dir='ltr'>amore</span> <span class='ocrx_word' id='word_1_903' title='bbox 1570 5864 1748 5938; x_wconf 74' lang='lat' dir='ltr'>complexus?</span> <span class='ocrx_word' id='word_1_904' title='bbox 1762 5859 1834 5924; x_wconf 74' lang='lat' dir='ltr'>Suc·</span> 
     </span>
    </p>
   </div>
   <div class='ocr_carea' id='block_1_7' title="bbox 0 0 2089 6340">
    <p class='ocr_par' dir='ltr' id='par_1_7' title="bbox 0 0 2089 6340">
     <span class='ocr_line' id='line_1_61' title="bbox 0 0 2089 6340; baseline 0 0"><span class='ocrx_word' id='word_1_905' title='bbox 0 0 2089 6340; x_wconf 95' lang='lat' dir='ltr'> </span> 
     </span>
    </p>
   </div>
  </div>
 </body>
</html>
