4142 6342
279 274 394 371 ιιι
646 311 677 369 s.
698 309 1091 370 tosnvtscnnvsnsrvun
1110 311 1270 368 muniar.
1290 311 1559 370 cossvrvvruvor.
1676 367 1679 374 Α
1864 320 1918 377 rao

281 433 372 491 audite
386 451 392 489 :
408 433 499 504 itaprte
522 435 614 504 {eumn
625 432 750 502 agitatoris
763 431 802 504 (l.
817 430 876 486 Gor.
890 432 917 488 b.
937 432 985 502 sp:
1001 439 1069 486 unt·
1128 428 1240 496 liuntur,
1265 428 1329 486 ierat
1348 427 1457 486 latibula
1478 441 1533 488 sua
1548 429 1742 502 ingrediuntur,
1765 431 1918 501 bontieitlu,

282 527 333 582 etsi
345 534 471 582 nouerat
490 525 586 580 suun
600 524 708 594 amodo
725 523 785 578 bac
806 523 931 593 scripsit:
947 530 1073 578 nouerat
1126 521 1252 588 latrones,
1266 531 1295 579 et
1313 523 1474 581 matularum
1496 524 1637 594 uetans
1652 525 1686 582 ad
1702 527 1816 584 vertices
1837 543 1918 584 naon·

282 617 396 687 Pasrlra,
409 631 472 672 <non
493 624 552 672 erat
565 614 725 685 Epiphania,
748 629 801 670 non
816 622 874 669 erat
890 613 1071 677 Pentecoste;
1126 614 1191 674 aon
1216 624 1380 671 recurrant:
1400 615 1439 672 sie
1459 627 1605 688 apparente
1626 632 1773 690 vocemque
1794 620 1919 678 mittente

281 710 330 767 sed
355 710 455 766 indicat
473 724 528 765 non
543 708 718 778 tempus,sed
731 709 922 764 conscientiam
942 705 1073 762 mandatu
1125 702 1213 770 Petro,
1229 704 1328 762 erroris
1342 705 1460 761 tenebrae
1474 705 1693 778 discutiebantur,
1707 708 1920 766 recedebatdia-

280 800 379 856 testum
388 799 519 856 elireere:
533 799 600 854 aib'tl
623 799 696 854 enim
719 799 791 855 aliud
815 809 857 856 est
880 800 977 854 iestum
991 811 1072 868 qoam
1124 792 1212 860 bolus,
1226 793 1360 866 fugiebant
1371 794 1518 863 daemones,
1529 811 1672 866 corporum
1687 799 1771 856 nvorbi
1784 799 1919 856 tolleban-

280 889 372 947 taetirta
387 907 395 945 τ
411 889 577 960 upbitrnlerrr
590 905 654 945 vero
665 889 784 945 laetitiam
805 889 869 944 nibil
883 889 955 944 aliod
976 888 1069 960 gignit,
1126 893 1176 950 tur,
1193 886 1342 942 animarum
1364 887 1534 958 egritudines
1549 888 1722 958 satiabantur,
1740 891 1842 948 malitia
1857 907 1919 948 om-

279 997 361 1050 aoam
383 981 547 1038 mosdcntia
571 981 703 1038 bonorum
724 996 854 1051 operum:
870 995 952 1050 porro
970 979 1004 1044 is,
1027 979 1071 1034 eui
1124 978 1167 1032 uis
1178 979 1329 1047 arcebatur,
1341 980 1366 1034 in
1387 991 1471 1038 terras
1483 981 1566 1038 virtus
1575 981 1760 1043 reducebatur.
1771 984 1806 1040 Et
1820 1001 1917 1056 quern·

276 1073 348 1130 bona
368 1073 404 1128 sit
424 1073 602 1137 contuentia,
624 1083 654 1129 et
671 1074 734 1128 tatia
756 1088 847 1141 operar,
872 1075 968 1128 iestarn
990 1085 1072 1142 agero
1123 1069 1266 1126 admodum
1292 1070 1373 1140 regiis
1398 1086 1433 1126 ex
1461 1071 1579 1137 aerariis,
1602 1071 1631 1128 in
1654 1073 1752 1144 quibus
1775 1089 1870 1130 aarum
1890 1085 1919 1132 et

278 1179 387 1236 semper
398 1173 496 1236 potest.
511 1164 568 1221 lloc
582 1164 663 1236 igitar
678 1165 765 1236 ipsum
782 1165 903 1220 indicans
917 1163 1014 1220 Paulus
1027 1163 1069 1218 di·
1123 1159 1226 1231 lapides
1240 1161 1350 1232 pretiosi
1372 1170 1445 1230 sunt,
1460 1163 1483 1220 si
1505 1163 1566 1234 quis
1579 1164 1623 1220 vel
1646 1165 1786 1221 minimum
1800 1166 1863 1238 quid
1875 1166 1918 1222 ci-

279 1253 358 1312 oebat
369 1271 377 1309 a
390 1253 482 1326 itaque
497 1259 588 1327 [utana
604 1256 737 1327 ιςὶιιιιιιιι,
748 1271 799 1309 oon
809 1255 839 1310 io
848 1258 971 1325 formu
983 1255 1070 1321 actui
1119 1252 1196 1310 ierre
1207 1254 1325 1335 potuerit
1337 1269 1514 1328 communae
1528 1255 1675 1313 bonorilloe
1688 1267 1751 1312 sont
1770 1259 1918 1325 recondita,

279 1363 360 1416 amu
376 1347 404 1404 ia
420 1346 669 1420 {narmoniaiitioe
682 1357 707 1401 et
720 1347 846 1416 nunide,
861 1348 905 1402 aad
923 1347 951 1401 in
973 1347 1072 1418 ommia
1124 1347 1188 1403 lieet
1212 1363 1294 1403 onom
1319 1347 1440 1419 lapillum
1461 1356 1585 1416 mnium,
1607 1348 1698 1404 nvultis
1724 1349 1819 1420 opibus
1840 1359 1921 1422 auget

280 1441 432 1504 ιιιιιιήιιιίι
443 1450 467 1498 et
479 1441 590 1499 tantam
602 1439 710 1512 tiata).
723 1441 803 1496 llides
816 1450 845 1496 ut
858 1450 1007 1512 temporum
1020 1456 1070 1496 tre-
1120 1453 1326 1508 possessorem:
1341 1441 1381 1496 sie
1399 1455 1434 1496 es
1450 1455 1498 1496 nro
1511 1440 1710 1512 apostolorom;
1732 1443 1831 1498 etenim
1846 1445 1920 1514 regia
1935 1491 1944 1510 ,

280 1533 407 1590 aestimo
426 1547 592 1603 neququam
607 1541 635 1588 te
653 1532 852 1597 constrinxerit,
866 1531 917 1588 sed
930 1532 964 1587 ad
977 1546 1071 1602 param
1119 1531 1245 1602 gatavidam
1258 1541 1336 1588 erant
1349 1532 1442 1587 aeraria
1457 1532 1565 1588 illorum
1578 1547 1637 1600 ora,
1649 1536 1674 1588 in
1688 1533 1784 1603 quibus
1799 1534 1919 1589 sartatio-

278 1622 429 1684 ltabsodam
455 1624 645 1679 eovvscientiam
668 1623 749 1680 luerit
770 1624 945 1696 cohortatus?
968 1621 1071 1680 Vellem
1119 1637 1187 1678 num
1201 1623 1355 1679 reconditus
1370 1623 1456 1678 inerat
1469 1623 1632 1689 thesaurus;
1654 1625 1697 1683 vel
1710 1624 1921 1696 unumquodque

279 1723 365 1772 totum
378 1714 405 1770 in
418 1713 471 1770 boe
484 1729 636 1770 sermonem
651 1728 830 1771 cvvrrsumere:
845 1713 890 1785 qui
904 1714 976 1780 etaim
988 1728 1071 1786 quos·
1127 1714 1342 1772 uerbuuresiens
1353 1715 1505 1786 spirituales
1517 1715 1616 1772 multas
1629 1731 1695 1787 opes
1711 1718 1841 1788 pariebat.
1850 1716 1920 1772 Tum

278 1805 340 1864 dan
366 1815 427 1877 post
449 1806 557 1878 longrrm
582 1806 710 1876 tenrporis
733 1802 902 1862 intervallum
921 1806 952 1862 -in
975 1820 1072 1862 manos
1123 1821 1188 1864 vere
1203 1806 1299 1862 licebat
1312 1807 1409 1864 intueri
1422 1806 1612 1866 desiderabilia
1624 1823 1685 1866 esse
1697 1808 1801 1864 bantini
1814 1811 1921 1882 etoquia

278 1897 449 1968 sumpserint,
467 1911 515 1952 eos
533 1896 612 1953 iacile
625 1911 679 1951 nou
693 1895 851 1952 ‹limittuota
871 1895 978 1974 quaudo
992 1895 1071 1967 igitur
1124 1911 1205 1968 super
1225 1912 1330 1966 aurum,
1352 1907 1381 1954 et
1400 1897 1515 1970 lapidem
1541 1899 1688 1972 pretiosum
1704 1901 1816 1957 maltum
1831 1901 1919 1972 (Psoi.

277 2005 338 2056 vos.
347 1991 393 2062 qui
406 2002 467 2060 post
482 2004 582 2046 antrum
600 1987 711 2053 adestis,
726 1989 796 2044 intr-a
814 1987 882 2044 retia
894 1997 986 2044 anona
998 1988 1072 2060 cepi-
1126 1989 1188 2044 ll8.
1204 1988 1251 2060 ll)
1265 2007 1272 2044 τ
1288 1989 1360 2062 quod
1372 1989 1445 2048 enim
1459 2006 1553 2046 aarum
1565 2006 1617 2047 non
1629 2002 1746 2064 poterat,
1759 2009 1844 2064 neque
1857 2010 1920 2068 pre·

278 2096 349 2150 mus,
361 2079 443 2138 bodie
461 2080 596 2136 dimittere
608 2080 719 2135 minime
728 2079 871 2146 volumus;
897 2079 945 2136 sed
968 2094 1003 2134 ne
1015 2094 1072 2134 ser·
1124 2081 1209 2144 tiosos
1230 2083 1307 2154 bapis,
1323 2083 1374 2140 boe
1394 2083 1466 2140 Petri
1487 2083 1568 2141 amba
1589 2083 1732 2142 iaciebant.
1755 2084 1825 2153 Quot
1844 2087 1920 2144 euim

277 2170 366 2228 utonis
378 2168 412 2226 de
423 2169 475 2226 boc
485 2169 555 2226 testo
566 2169 701 2228 recedatis
715 2178 850 2240 erpertes,
862 2169 897 2225 ab
910 2167 960 2225 bae
971 2168 1070 2224 cobor-
1123 2173 1182 2228 auri
1197 2172 1296 2230 talenta
1310 2173 1431 2229 claudos
1447 2174 1584 2230 nativiette
1597 2186 1698 2231 rectum
1713 2175 1848 2234 incessum
1857 2153 1922 2232 red-

277 2262 378 2319 tatione
390 2260 425 2316 ad
445 2261 596 2317 festivitatis
608 2261 776 2316 occasionem
799 2261 885 2315 oratio
909 2259 1071 2316 traducenda
1123 2265 1188 2320 dere
1204 2266 1373 2338 potuissent?
1393 2265 1441 2322 sed
1463 2281 1534 2324 nane
1557 2267 1650 2322 tottere
1670 2276 1773 2322 naturae
1785 2265 1920 2324 delectum

277 2353 423 2411 est.llulta
441 2354 549 2424 quidem
572 2368 757 2423 supenmvero
768 2352 803 2408 de
827 2351 897 2407 coelo
920 2351 947 2406 in
971 2361 1071 2408 terram
1123 2357 1209 2428 potuit
1231 2357 1343 2414 verbum
1357 2357 1448 2424 Petri;
1469 2357 1547 2424 dixit,
1571 2354 1606 2412 in
1628 2359 1728 2412 merdae
1747 2355 1811 2413 issa
1826 2357 1922 2412 Claristi

276 2446 369 2523 generi
388 2446 504 2502 bumaria
522 2443 631 2516 delapsa
649 2455 711 2504 sutvt
724 2446 816 2501 bona:
835 2444 923 2514 qualia
944 2458 1009 2500 vero
1023 2443 1072 2498 de-
1123 2465 1199 2521 rurge
1212 2459 1235 2504 et
1247 2450 1351 2506 atributa
1371 2451 1440 2520 (Aet.
1460 2451 1488 2506 5.
1502 2451 1573 2522 blut
1586 2466 1677 2508 sermo
1687 2450 1772 2507 laetus
1783 2460 1826 2507 est
1838 2467 1921 2523 opus.

276 2539 359 2599 absa
370 2538 571 2596 suutbodierao
585 2537 639 2601 die.
650 2553 794 2608 enumquam
808 2545 898 2594 artua.
912 2530 1071 2610 Cognoscits
1090 2541 1094 2549 '
1125 2543 1207 2600 Vides
1221 2553 1250 2599 ut
1262 2542 1448 2600 desiderabilia
1472 2545 1527 2600 siut
1540 2560 1622 2616 saper
1644 2559 1738 2600 aurum
1754 2554 1782 2602 et
1801 2545 1922 2618 lapidem

275 2631 357 2706 igitur
369 2632 457 2708 attalia
469 2632 554 2704 prius,
567 2641 593 2686 et
608 2631 695 2701 qualia
707 2630 903 2696 hodiernodie,
916 2641 944 2686 ut
957 2640 986 2687 et
997 2641 1070 2686 utro·
1123 2635 1269 2704 pretiosum
1294 2635 1428 2692 inultum?
1453 2635 1526 2691 vides
1549 2643 1580 2692 ιιι
1605 2637 1699 2692 aeraria
1724 2635 1826 2695 luerint
1847 2639 1922 2708 regia

275 2741 390 2799 rataque
412 2726 555 2784 discrimen
582 2724 811 2780 animadvertatis.
835 2723 907 2778 Plait
927 2724 954 2778 in
975 2733 1070 2778 terram
1123 2726 1231 2784 illorum
1253 2727 1323 2782 orai
1339 2725 1411 2784 tere
1435 2727 1534 2784 medici
1555 2726 1629 2783 orbis
1653 2735 1785 2784 terrarum
1811 2728 1922 2786 luerunt

274 2836 370 2876 nanas
391 2817 600 2890 bemuponem
611 2817 667 2874 atati
687 2816 756 2872 dedit
778 2818 813 2871 eir
834 2816 922 2888 (Prot.
936 2817 981 2872 ii.
1002 2815 1068 2888 db:
1124 2816 1173 2885 illi,
1189 2827 1218 2873 et
1235 2817 1369 2889 agricole,
1384 2828 1411 2874 et
1433 2818 1626 2892 gubernatores
1647 2836 1656 2872 ε
1681 2819 1780 2876 medici
1800 2821 1920 2891 quidem,

274 2907 905 2983 panemenimangeiorumvirandueavitbomo;
924 2879 1092 2978 resproeull
1123 2909 1251 2978 quoraiam
1273 2909 1446 2980 egritudines
1469 2911 1619 2966 curabant:
1637 2912 1771 2982 agricolae,
1792 2914 1917 2983 quoniam

273 2999 357 3070 dubio
370 3013 465 3072 murra
487 3007 530 3056 est
549 2999 650 3072 licique
670 2999 750 3072 digna
775 2998 958 3070 benignitate:
976 3009 1068 3068 postea
1122 3001 1235 3057 verbum
1256 3002 1393 3073 religionis
1415 3002 1606 3059 seminabant:
1628 3003 1829 3075 gubernatores,
1849 3020 1919 3076 qaro-

274 3091 311 3149 ds
321 3091 387 3148 eolo
398 3089 532 3149 demissus
543 3101 586 3148 est
597 3090 676 3162 ignis.
688 3098 716 3144 et
728 3088 866 3146 iudaicam
885 3090 1013 3161 populum
1025 3107 1069 3146 er·
1123 3093 1195 3150 uiam
1209 3092 1309 3149 erroris
1323 3092 1467 3164 procellam
1488 3093 1631 3150 sedabant.
1656 3094 1759 3150 idcireo
1783 3109 1921 3150 nentrum-

275 3192 380 3241 t'antem
401 3184 529 3251 conexit,
545 3197 577 3238 aa
602 3181 763 3242 sacrificium
788 3181 905 3251 abripuit
931 3181 966 3235 ab
992 3181 1069 3238 altari
1122 3200 1202 3258 quam
1227 3183 1415 3250 dicit,lt'unter
1436 3185 1657 3254 indemonstrata
1679 3183 1784 3258 (liattlt.
1810 3185 1854 3240 lb.
1879 3185 1922 3257 8),

273 3275 314 3353 (ἱ
326 3273 393 3350 ttu.
407 3274 452 3331 ts.
465 3272 523 3348 38).
537 3273 667 3331 duabu
681 3289 775 3331 rursus
787 3273 858 3330 bine
871 3274 1069 3330 tabescentibus
1123 3286 1259 3349 tamquam
1282 3276 1402 3335 medicos
1427 3280 1565 3350 alloquens
1584 3297 1592 3334 :
1617 3294 1827 3350 nonnumquam,
1853 3277 1924 3334 Ecce

273 3367 389 3428 demissa
399 3376 442 3425 est
454 3368 552 3440 pluvia
563 3368 729 3440 mutamque
742 3367 847 3440 irogom
860 3367 950 3425 attulit
961 3368 1069 3425 uberta·
1121 3369 1192 3426 naitto
1202 3385 1245 3424 vos
1255 3379 1356 3437 maere,
1368 3369 1436 3436 quod
1446 3385 1489 3425 oar
1502 3387 1554 3425 non
1568 3369 1702 3426 laborastis
1718 3371 1808 3444 (ioan.
1820 3369 1848 3426 l.
1860 3371 1921 3442 58),

274 3469 340 3519 tem.
352 3458 446 3531 llagua
465 3468 529 3516 sunt
540 3458 598 3518 hae
611 3469 639 3516 et
657 3459 834 3527 admirabilia,
849 3459 899 3517 sed
910 3461 995 3516 multo
1009 3477 1067 3516 ma-
1122 3468 1256 3531 tamqoam
1270 3459 1400 3530 agricolas
1420 3461 1579 3530 alloquens:
1602 3469 1630 3516 et
1648 3459 1710 3514 alibi
1733 3475 1848 3516 rursus:
1865 3459 1923 3513 lio-

271 3551 333 3628 iora
345 3559 410 3621 suot
420 3553 580 3622 presentia:
594 3567 649 3607 non
662 3566 771 3618 manna,
783 3552 862 3624 ignis,
876 3559 904 3608 et
914 3551 1005 3624 pluvia
1017 3552 1066 3609 de·
1122 3551 1187 3606 aiom
1201 3567 1244 3606 aaa
1258 3552 1394 3620 piscatores
1417 3552 1549 3608 bominum
1571 3549 1677 3625 (blattlr.
1699 3553 1726 3608 l.
1743 3553 1807 3624 lb);
1823 3565 1849 3608 et
1865 3553 1922 3607 ro-

271 3640 357 3698 intua
377 3651 420 3698 est
442 3639 532 3709 laodic,
546 3642 594 3697 sed
617 3641 703 3700 inber
718 3642 895 3715 spiritualium
915 3642 1067 3698 donorurn:
1121 3651 1173 3714 tro,
1190 3641 1254 3698 Noli
1268 3643 1366 3710 timere,
1375 3660 1406 3698 aa
1416 3643 1526 3713 boeium
1540 3627 1652 3698 domines
1664 3645 1713 3698 eris
1726 3645 1828 3716 capiens
1839 3643 1919 3716 (Lar.

273 3731 358 3792 nimbi
369 3731 485 3804 desuper
502 3743 566 3792 sunt
574 3732 682 3804 deiecti,
693 3735 789 3806 quibus
800 3750 854 3790 non
865 3735 920 3805 jam
932 3735 966 3792 ad
978 3735 1068 3807 irriges
1121 3735 1148 3790 5.
1162 3733 1220 3805 to),
1234 3743 1367 3805 tarnquam
1377 3735 1411 3788 ad
1429 3735 1622 3804 gubernatores
1635 3743 1661 3790 et
1677 3735 1824 3805 piscatores
1836 3737 1918 3788 verba

271 3822 446 3909 proierendas
462 3825 541 3883 tellus
554 3827 695 3895 excitatur,
710 3825 758 3881 sed
776 3835 879 3882 naturae
893 3826 1069 3898 persuadetur
1120 3827 1241 3894 laciens;
1264 3836 1293 3882 ot
1307 3827 1397 3882 videre
1412 3836 1471 3882 erat
1483 3827 1620 3882 miraculis
1643 3825 1814 3882 succedentia
1830 3825 1917 3880 miva-

271 3914 406 3984 ltrttttattas,
417 3924 448 3976 ut
464 3919 570 3974 virtutis
583 3918 700 3977 iructum
712 3921 851 3977 bominum
865 3922 989 3993 agricolae
1003 3922 1067 3980 ied-
1119 3918 1191 3975 cula.
1207 3919 1314 3976 Etenim
1332 3927 1427 3973 natura
1442 3925 1534 3974 nostra
1556 3926 1617 3972 ante
1631 3915 1725 3973 decent
1740 3916 1798 3973 dies
1816 3915 1850 3970 ad
1874 3931 1923 3970 re·

272 4005 328 4068 diti.
337 4006 441 4080 Quique
453 4018 554 4082 guttam
568 4009 631 4067 inde
640 4021 812 4082 exceperant,
826 4021 928 4069 naturae
937 4029 993 4069 suae
1001 4028 1067 4070 con-
1119 4010 1193 4082 glum
1215 4012 1341 4068 tbronum
1367 4011 1505 4078 ascendit,
1529 4019 1556 4066 et
1579 4009 1711 4066 bodieruo
1733 4009 1775 4065 die
1799 4009 1923 4079 Spiritus

272 4097 361 4156 ieelim
377 4099 610 4169 obliviscebantur,
625 4112 654 4158 et
664 4103 766 4175 angelis
779 4104 868 4160 omnis
887 4114 959 4160 terra
978 4105 1068 4162 subito
1120 4115 1230 4160 sanctus
1252 4104 1285 4158 ad
1307 4113 1430 4158 nutriranr
1453 4113 1572 4158 nostram
1603 4102 1757 4167 descendit;
1783 4099 1921 4170 primitias

271 4189 436 4262 replebatur,
449 4193 552 4266 angelis
575 4211 629 4250 non
644 4195 805 4263 celestibus,
821 4196 868 4253 sed
890 4197 935 4269 qui
951 4199 1067 4260 toriniano
1120 4206 1226 4251 nostras
1246 4194 1376 4252 Dominus
1387 4195 1414 4250 in
1429 4195 1524 4250 culum
1540 4195 1637 4261 erexit,
1651 4204 1679 4250 et
1698 4191 1827 4264 Spiritum
1844 4205 1920 4245 san-

271 4283 300 4338 in
311 4295 425 4354 corpore
444 4292 603 4354 potestatum
615 4285 833 4356 incorporearum
846 4288 971 4343 virtutem
988 4291 1066 4344 etbi-
1118 4299 1190 4342 ctum
1205 4286 1323 4342 demisit.
1338 4286 1415 4342 Alter
1427 4294 1468 4341 est
1488 4285 1628 4347 bertuinus,
1644 4285 1690 4356 utri
1704 4283 1760 4338 bace
1776 4282 1845 4338 dona
1861 4280 1922 4335 dis-

271 4373 379 4432 berettt.
400 4375 461 4433 Nou
481 4377 553 4434 enim
579 4378 617 4433 illi
637 4377 763 4436 deorsum
789 4381 995 4444 descenderunt,
1018 4382 1066 4436 sed
1119 4379 1232 4447 tribuit;
1257 4394 1319 4434 narn
1343 4379 1458 4450 Spiritus
1471 4388 1581 4434 sanetas
1604 4387 1647 4434 est
1661 4376 1800 4440 Dominus,
1816 4383 1844 4430 et
1857 4372 1918 4427 dis-

271 4466 344 4540 quod
355 4467 503 4526 mirabilius
522 4468 582 4535 init,
596 4470 641 4540 qrvi
661 4469 787 4526 deorsum
805 4482 891 4538 erant,
912 4472 945 4528 ad
960 4473 1064 4527 iilomru
1119 4471 1303 4541 pausationem
1324 4481 1415 4525 nostra
1428 4485 1509 4525 causa
1530 4478 1681 4539 susceptam
1696 4468 1775 4523 Pater
1788 4475 1816 4522 ct
1830 4465 1919 4522 Filius

271 4560 396 4617 virtutem
408 4561 603 4618 ascenderunt:
614 4578 668 4618 non
681 4564 753 4619 eninr
764 4578 846 4622 carne
854 4564 975 4636 deposita
987 4565 1066 4622 ravidis
1118 4572 1146 4618 et
1157 4561 1272 4632 Spiritus
1285 4571 1395 4617 sanctus
1408 4562 1478 4618 inter
1491 4576 1521 4618 se
1544 4561 1693 4615 diviserunt
1709 4578 1716 4614 :
1730 4557 1847 4614 nondum
1867 4558 1920 4611 ds·

269 4653 410 4710 animabus
429 4652 657 4720 incedebant‚sed
679 4665 801 4712 naturam
817 4657 962 4713 retinentes
983 4659 1064 4713 arrirni
1117 4670 1176 4710 cent
1192 4653 1275 4724 clapsi
1298 4654 1357 4709 dies
1379 4663 1468 4719 erant,
1483 4669 1517 4708 ex
1531 4668 1586 4722 quo
1600 4651 1722 4708 Cbristus
1743 4649 1918 4714 ascenderat,

268 4747 408 4816 proposito
420 4745 507 4816 angeli
523 4744 630 4804 liebaut.
646 4747 734 4818 Atque
748 4757 777 4802 at
791 4747 934 4816 intelligas,
946 4755 979 4802 rte
993 4749 1065 4818 pariit·
1117 4755 1145 4803 et
1156 4746 1306 4816 spiritualia
1328 4745 1406 4801 uobis
1418 4744 1489 4800 doira
1504 4744 1588 4810 misit,
1603 4742 1831 4800 reconciliationis
1842 4739 1921 4792 illius

269 4850 328 4892 rem
351 4836 460 4906 uiridem
481 4835 553 4891 illam
576 4852 683 4906 poeuanr
704 4835 788 4893 luisse
810 4853 931 4908 pieriam,
955 4839 1064 4910 quando
1118 4853 1240 4894 tatuvtera.
1253 4837 1322 4894 Nam
1342 4845 1372 4892 ut
1394 4836 1542 4906 ambigeret
1557 4850 1638 4890 nemo
1651 4843 1678 4890 et
1690 4841 1834 4906 quareret,
1850 4829 1920 4899 qnid

268 4928 348 4996 dixit,
362 4925 444 4982 Terra
462 4944 500 4996 aa,
514 4937 539 4982 et
557 4929 690 4983 interram
709 4931 839 4984 emeterio
863 4929 941 5002 (Gerr.
956 4931 983 4986 b.
1006 4930 1063 5001 ta),
1118 4931 1225 4986 tandun
1243 4931 1269 4986 in
1294 4931 1375 4985 caelos
1398 4929 1547 4984 ascendens
1569 4927 1692 4984 Christus
1714 4925 1832 4998 egisset;
1848 4937 1919 4976 nuru

190 5082 195 5093 ,
268 5029 410 5093 propterea
433 5035 543 5078 manere
566 5029 592 5078 te
613 5021 735 5092 permisit
753 5023 780 5076 iu
802 5032 884 5088 terra,
907 5023 1064 5094 utarnplius
1117 5023 1254 5080 Petrinus
1269 5020 1492 5079 reconciliasset?
1507 5037 1571 5076 nram
1589 5014 1918 5091 propitiumipsumrcd-

268 5115 387 5186 potentia
400 5113 516 5186 Spiritus
534 5116 731 5182 ostenderetur,
751 5131 811 5186 quac
832 5115 894 5170 talia
912 5131 961 5186 pet·
975 5125 1062 5172 terre·
1116 5113 1250 5170 didisset?
1264 5123 1293 5170 ut
1306 5113 1384 5169 nobis
1394 5113 1550 5170 ostenderet
1563 5127 1594 5168 se
1607 5121 1711 5166 naturae
1723 5108 1798 5164 illum
1813 5115 1918 5162 nostrae

267 5224 332 5266 autu
346 5222 444 5279 eorpus
461 5206 612 5281 perliceret.
627 5207 693 5264 Nam
713 5207 805 5265 videre
818 5219 877 5264 erat
894 5208 993 5266 luteam
1009 5209 1062 5264 lin·
1116 5206 1250 5277 placatum
1263 5203 1424 5272 reddidisse,
1437 5205 1580 5261 confestim
1593 5202 1672 5258 nobis
1686 5199 1918 5258 reconciliationis

266 5315 347 5370 gasan
367 5285 535 5356 damonibus
555 5300 729 5370 imperantem
745 5317 752 5352 ι
775 5296 866 5354 videre
886 5308 944 5356 erat
964 5299 1062 5355 luteam
1116 5299 1188 5354 illius
1201 5296 1272 5354 dona
1286 5297 1369 5353 misit.
1383 5295 1449 5354 Cum
1464 5297 1536 5353 enirn
1551 5295 1617 5350 uniti
1633 5303 1696 5350 sunt
1709 5303 1737 5348 et
1748 5289 1918 5347 reconciliati

267 5406 375 5446 manum
399 5391 507 5448 morbos
528 5401 690 5447 satiantem:
712 5407 766 5446 amo
789 5407 854 5446 vero
873 5406 928 5445 non
953 5396 1062 5445 mabam
1116 5392 1188 5448 inter
1199 5408 1228 5448 se
1239 5391 1424 5462 inimici,post
1435 5389 1680 5446 reconciliationem
1694 5387 1783 5441 statim
1797 5399 1918 5452 sequun-

267 5491 369 5548 tantam
384 5481 483 5538 luteam
504 5483 596 5538 videre
612 5493 688 5548 erat;
703 5483 750 5537 sed
769 5482 840 5552 qrrod
854 5484 939 5538 multo
952 5482 1062 5538 mirabi-
1119 5495 1161 5540 tur
1181 5484 1363 5549 invitationes,
1377 5481 1498 5539 convivia
1514 5489 1542 5536 et
1564 5494 1686 5535 munera.
1708 5477 1827 5532 llisimrrs
1849 5489 1918 5553 ergo

266 5577 319 5632 bus
339 5583 407 5642 erat,
421 5575 554 5630 luteorum
574 5591 717 5646 corporum
731 5574 840 5630 umbras
860 5584 888 5629 et
906 5584 1019 5630 mortem
1034 5585 1063 5631 et
1117 5590 1168 5632 nos
1180 5575 1272 5642 lldem,
1285 5575 1387 5633 atinde
1398 5573 1513 5644 Spiritus
1524 5570 1594 5627 dona
1608 5570 1753 5642 recipimus
1769 5586 1776 5621 :
1793 5563 1916 5622 misimus

266 5664 439 5733 irrcarporeas
449 5673 605 5734 potestates,
614 5666 751 5722 daemones
764 5667 882 5735 iniquam,
894 5663 1060 5737 superantes·
1117 5671 1310 5740 obedientiam,
1324 5667 1491 5739 etjustitiaut
1504 5664 1669 5735 recepimus,

270 5753 339 5815 dan
352 5755 576 5828 querrudmodum
595 5767 740 5830 apparente
753 5757 812 5814 sole
832 5757 949 5814 tenebra
968 5758 1063 5818 diseu-
1153 5761 1460 5834 Spiritussarvetidonvm
1478 5767 1515 5814 eat
1528 5756 1625 5812 donum
1644 5751 1867 5812 maoctttutoois.
1879 5777 1919 5796 ··-
