4142 6342
669 516 679 529 .
750 432 986 523 botuns
1003 442 1139 531 stne
1251 378 1263 388 ⁸

136 613 334 661 βΙῙΙΙθΡΕΙΙ
356 617 568 675 VBNBRANDAE,
596 615 635 662 AG
656 610 908 659 uuttutoslstmt
925 614 1106 663 (itm
1124 622 1309 679 mm
1341 645 1458 687 mm
1488 659 1545 696 u·
1566 686 1572 694 Ι

689 716 794 761 LU'I’BU
808 715 841 759 ltt
860 714 992 761 Domo·
1011 718 1108 766 ml.
1128 724 1141 769 t
1161 717 1200 769 ⁶⁶.

853 852 1061 899 ...oo-..-

174 1002 203 1061 l'.
220 999 277 1073 tge
289 1010 354 1056 roro
363 994 499 1055 muscida
514 1003 567 1053 tue
578 993 654 1051 uleus
668 1006 776 1051 mrsum
789 989 927 1063 mitigabo,

138 1102 221 1167 atque
233 1088 409 1164 cogitationes
422 1102 479 1155 eas,
489 1104 551 1163 qucc
563 1087 634 1144 banc
645 1086 744 1144 nubem
754 1094 863 1159 cogunt,
876 1084 932 1142 dis·

138 1188 251 1243 cutiam.
263 1183 333 1256 Quid
352 1183 423 1241 onim
445 1192 504 1252 est,
526 1182 597 1255 quod
609 1182 727 1238 animum
741 1188 815 1236 tuum
828 1187 933 1251 pertur-

138 1263 267 1338 baticur
275 1277 362 1346 doles,
376 1292 424 1335 cur
433 1276 614 1334 excruciaris?
624 1278 665 1333 dn
680 1275 751 1347 quod
765 1288 837 1332 seua
849 1282 876 1330 et
889 1288 934 1331 ca·

141 1372 255 1443 liginosa
268 1362 310 1427 est
331 1369 390 1427 boec
406 1379 551 1442 tempestas
562 1383 621 1442 quos
635 1368 769 1425 Ecclesias
782 1364 932 1438 occuparit,

139 1445 290 1535 cunctaque
299 1462 327 1519 in
342 1462 557 1520 obscurissimam
574 1469 680 1518 noctem
694 1456 878 1526 commutarit,
894 1464 935 1513 at·

113 1545 116 1552 ⁴
138 1572 193 1627 que
207 1556 233 1612 in
246 1554 305 1612 dies
314 1564 435 1627 augetur,
445 1554 579 1611 etacerba
592 1552 713 1625 quadam
725 1549 864 1623 naufragia
873 1564 935 1621 par-

138 1634 216 1718 turit,
233 1651 360 1723 orbisque
372 1660 504 1708 terrarum
518 1648 641 1707 interitus
652 1645 832 1720 ingravescit?
846 1643 873 1700 id
882 1658 934 1717 ego

137 1760 246 1817 quoque
259 1751 428 1817 perspectum
442 1743 540 1811 babeo,
551 1758 603 1799 nec
614 1741 755 1813 quisquam
766 1748 818 1807 est,
827 1736 872 1811 qui
891 1735 934 1792 in·

138 1838 213 1895 icius
226 1838 266 1893 ire
279 1845 380 1909 queat3
394 1850 437 1903 ac,
454 1834 477 1893 si
489 1833 540 1903 ris,
566 1848 661 1890 eorum
672 1882 675 1886 .
686 1832 767 1889 etiam
790 1844 850 1903 qum
868 1827 935 1885 dunt

139 1929 283 2002 imaginem
309 1928 454 2003 quamdam
479 1926 625 2001 effingam,
639 1939 693 1997 quo
719 1924 860 1981 clariorem
886 1920 934 1978 tibi

139 2024 295 2096 tragoediam
319 2022 441 2080 reddam.
466 2020 540 2078 liare
553 2021 688 2077 cernimus
713 2018 747 2075 ab
764 2017 826 2075 imis
848 2032 936 2089 usque

139 2118 287 2191 gurgitibus
304 2116 423 2189 undique
438 2116 592 2183 revulsum,
605 2122 700 2171 nautas
716 2122 839 2169 mortuos
856 2126 933 2168 suan·

139 2227 182 2267 rara
195 2210 266 2267 unda
287 2220 419 2278 arctantes,
436 2210 504 2266 alios
516 2222 625 2281 pessum
642 2211 750 2277 wantos,
771 2205 881 2262 uarium
895 2213 935 2261 ta·

137 2302 215 2360 bulas
235 2302 389 2371 dissolutas,
404 2310 530 2374 perrupta
542 2310 570 2358 et
584 2302 701 2357 lacerata
711 2299 781 2366 uela,
796 2299 882 2356 malos
892 2299 934 2355 el·

138 2395 256 2465 tractos,
271 2410 361 2456 rennos
373 2410 389 2452 e
402 2403 542 2452 nautarum
556 2392 680 2449 manibus
691 2392 808 2466 elapsos,
822 2390 933 2448 naucle-

143 2505 189 2546 ros
200 2490 442 2562 gubernaculorum
452 2489 512 2545 loco
525 2469 650 2544 tabulatis
664 2486 827 2555 insidentes,
840 2498 935 2542 manus

139 2581 253 2652 gentibus
266 2582 444 2650 innectentes,
463 2588 544 2651 atque
565 2579 593 2636 in
615 2595 675 2636 eam
695 2578 801 2637 consilii
817 2579 934 2651 inopiam

140 2673 276 2740 redactos,
288 2684 318 2729 ut
333 2673 517 2730 tantummodo
531 2672 649 2745 lugeant,
663 2686 695 2728 ac
707 2672 823 2744 gemitus
834 2678 861 2727 et
873 2671 934 2741 eiu·

142 2765 213 2823 latus
226 2764 326 2834 edant;
340 2780 393 2822 non
406 2765 517 2835 winus,
532 2780 586 2822 non
602 2780 676 2823 mare
687 2764 873 2836 conspiciunt,
885 2764 934 2822 sed

138 2856 238 2915 densas
257 2855 339 2937 atque
358 2858 487 2915 obscuras
510 2856 637 2916 tenebras
653 2858 847 2930 caliginemque
872 2866 933 2916 tau-

138 2958 214 3020 tam,
230 2961 259 3009 ut
271 2967 306 3009 ne
320 2952 485 3027 propinquos
498 2952 606 3025 quiricus
624 2952 776 3027 perspicere
796 2953 878 3021 sinat,
893 2952 935 3010 iu-

137 3053 245 3116 gentem
266 3044 382 3117 denique
395 3044 524 3102 ductuum
549 3044 687 3116 sonitant,
702 3060 735 3103 ac
748 3046 865 3103 marinas
877 3046 934 3104 bel·

137 3135 196 3193 luas
209 3136 238 3192 iu
251 3151 299 3195 eos
311 3179 319 3205 ,
333 3136 379 3209 qui
405 3137 551 3210 navigant,
571 3138 647 3195 ononi
660 3154 694 3195 ex
715 3148 791 3210 parte
803 3140 933 3212 impetum

139 3219 279 3283 iacientes.
295 3226 433 3304 lntolrero
451 3243 591 3302 quousque
608 3228 635 3286 ld
649 3231 846 3303 persequimur,
863 3231 934 3303 quod

138 3310 268 3393 consequi
280 3336 334 3379 non
347 3322 508 3392 possumus?
520 3322 724 3397 Quamcumque
733 3326 805 3381 enim
818 3340 935 3395 praesen·

138 3414 205 3469 tium
218 3412 400 3471 calamitatum
412 3414 527 3488 eldgiem
547 3417 704 3489 exquiram,
727 3419 814 3475 oratio
834 3419 860 3474 ri
875 3434 934 3474 ma·

130 3494 226 3562 lorum
241 3514 375 3579 superata,
389 3505 485 3578 pedem
497 3507 591 3565 celet-t.
606 3506 750 3577 Caeterum,
759 3510 864 3566 etianasi
876 3508 935 3567 bae

137 3601 284 3674 perspicio,
301 3610 390 3659 tamen
402 3601 543 3659 meliorum
557 3616 648 3659 restam
659 3617 736 3676 spem
749 3619 802 3661 non
816 3604 932 3661 amitto:

137 3692 249 3764 hujusce
277 3693 459 3751 univcrsitatis
480 3692 695 3751 Gubernatorem
723 3704 787 3753 aute
813 3696 933 3752 animum

137 3798 300 3857 proponens,
310 3784 357 3857 qul
370 3798 424 3842 nou
436 3794 495 3843 arte
507 3794 588 3858 atque
601 3784 731 3844 industria
744 3795 932 3861 tempestatem

140 3887 269 3951 superat,
283 3894 376 3937 rerum
397 3888 463 3937 nutu
485 3880 544 3939 solo
558 3879 703 3953 procellam
725 3880 835 3955 trangit.
856 3882 934 3953 Quod

139 3972 162 4029 si
178 3970 250 4028 baud
261 3971 376 4044 primum
390 3972 525 4031 aestatim
548 3972 631 4052 lacit,
649 3975 708 4031 laaec
726 3974 829 4033 scilicet
849 3975 934 4047 ipsius

138 4065 303 4147 consuetudo
313 4076 376 4135 est,
396 4075 426 4123 ut
442 4082 532 4124 rerum
546 4064 706 4124 acerbitates
720 4082 775 4123 uon
789 4067 817 4123 iu
831 4067 934 4141 prioci-

137 4158 186 4231 pio
196 4158 368 4231 exstinguat:
381 4174 474 4217 rerum
487 4174 548 4218 cum
559 4158 703 4230 creverint,
713 4169 794 4233 atque
805 4160 838 4216 ad
852 4147 940 4217 unem'

138 4257 290 4311 extremum
304 4252 485 4324 pervenerint,
506 4253 617 4326 iamque
637 4269 699 4327 spes
722 4254 810 4312 ononis
831 4270 849 4311 a
870 4270 932 4328 per-

138 4345 230 4402 multis
240 4346 345 4418 abiecta
356 4348 402 4417 sit,
418 4355 474 4404 tum
488 4345 605 4420 denique
620 4348 689 4405 rnlra
702 4358 783 4421 atque
796 4348 831 4405 ab
842 4348 931 4405 bomi-

985 1001 1456 1097 mmmm-&Q
1485 1038 1530 1079 ’Μ’
1559 1046 1637 1096 if...
1675 1077 1689 1101 ,

985 1091 1086 1151 acutos,
1100 1099 1401 1163 stae-aretinum
1420 1120 1538 1173 terem
1562 1138 1610 1174 aa
1641 1153 1667 1181 a

984 1172 1051 1231 Nam
1064 1192 1231 1253 qttsectttuque
1241 1190 1342 1249 ute:
1353 1216 1406 1255 aaa
1418 1217 1500 1259 uuna
1522 1235 1533 1263 ι
1548 1232 1562 1258 e
1602 1236 1652 1272 ιν.
1679 1259 1705 1277 .,

986 1268 1090 1340 poraria
1116 1272 1256 1331 etcaduca
1277 1292 1438 1363 amam
1466 1314 1485 1351 n
1516 1322 1607 1357 ma.
1644 1338 1733 1374 ·..„..

989 1359 1130 1429 exsistunt,
1144 1378 1193 1418 nec
1203 1364 1317 1437 vigilanti
1329 1378 1420 1436 nain
1432 1391 1544 1447 dume,
1554 1419 1605 1447 no.
1627 1403 1674 1455 dr.
1697 1431 1726 1457 u

989 1453 1118 1523 Quocirca
1133 1456 1633 1549 ottambeatasl‘aatusejmm
1656 1515 1673 1549 ς
1697 1525 1742 1557 u.

976 1541 1125 1603 'lestiarum
1137 1547 1216 1619 huius
1229 1552 1289 1607 ritae
1301 1554 1498 1623 imbecillium
1509 1581 1679 1639 mm.
1702 1616 1710 1632 .
1730 1625 1753 1645 „.

980 1636 1065 1723 dens,
1080 1641 1158 1726 utjico
1169 1643 1297 1701 uocabulo
1311 1646 1336 1701 id
1350 1657 1591 1720 prorsusiadwc.
1605 1688 1660 1729 cm
1678 1698 1707 1733 ι..
1723 1707 1758 1737 u

987 1741 1087 1805 quotus
1102 1740 1163 1789 est:
1179 1732 1243 1801 Qum
1261 1736 1326 1789 enirn
1348 1738 1470 1814 nioman,
1490 1756 1634 1822 tam..
1652 1781 1705 1817 ,m
1731 1782 1751 1830 2

989 1822 1050 1882 Gor.
1062 1827 1090 1882 l.
1107 1824 1163 1899 ltt).
1178 1824 1246 1896 Quid
1259 1826 1337 1897 igitur
1353 1844 1452 1903 eaqnae
1468 1843 1622 1909 texam
1643 1866 1710 1918 m,
1733 1876 1764 1917 „¹

987 1916 1127 1975 lluntiuum
1139 1906 1222 1974 instar
1232 1917 1326 1987 ssuuut,
1340 1921 1504 1981 extlurescisi
1514 1929 1664 2003 linium
1673 1962 1766 2019 qm

987 2019 1051 2067 suut
1063 2025 1108 2067 res
1122 2021 1281 2081 praesentes,
1296 2020 1350 2066 tam
1370 2012 1445 2080 laetm,
1467 2032 1543 2088 quam
1561 2027 1686 2087 mom,
1702 2042 1770 2107 a„

987 2101 1058 2159 alter
1071 2117 1178 2175 quoque
1190 2102 1324 2176 propheta
1338 2102 1482 2162 humanam
1495 2125 1597 2170 omnem
1612 2116 1770 2199 felicitatem,

987 2209 1024 2252 ue
1039 2194 1111 2253 loeno
1123 2194 1244 2267 quidem,
1256 2210 1349 2253 rerum
1362 2196 1438 2253 alteri
1451 2198 1537 2257 viliori
1547 2211 1660 2266 materie
1671 2229 1774 2291 campa.

987 2288 1067 2359 ravit,
1082 2276 1141 2345 aaut
1154 2288 1279 2347 ridottcet
1290 2290 1442 2349 universnm
1456 2292 1518 2351 ioeni
1529 2294 1620 2355 dorent
1631 2308 1774 2377 appeltam,

986 2379 1081 2452 Neque
1094 2380 1180 2454 ipsius
1194 2382 1333 2441 dumtaxat
1349 2392 1454 2457 partem
1470 2389 1611 2459 quamdam
1629 2400 1726 2469 posuit,
1747 2416 1778 2463 ιι

986 2490 1054 2565 opes
1072 2482 1185 2545 tanturm
1206 2486 1254 2534 aut
1273 2476 1364 2534 luxum
1379 2492 1412 2534 uc
1425 2478 1545 2552 delicias,
1560 2493 1605 2539 aut
1627 2494 1778 2567 potentiam,

987 2578 1035 2625 aut
1055 2568 1173 2651 bonores
1194 2585 1310 2627 :uerum
1332 2572 1422 2628 omnia
1442 2586 1474 2628 ea
1494 2590 1554 2645 quae
1571 2576 1640 2647 apud
1656 2578 1780 2647 mortale's

986 2660 1119 2735 prccclara
1131 2671 1159 2720 et
1172 2662 1311 2734 splendida
1320 2678 1380 2721 esse
1393 2664 1528 2736 videntur,
1544 2668 1623 2725 unico
1636 2672 1726 2741 glorie
1735 2664 1783 2733 uo‘·

988 2754 1085 2812 cabulo
1098 2756 1264 2827 complexus,
1279 2755 1316 2811 ita
1328 2755 1437 2814 demum
1451 2758 1600 2829 subiunxit,
1621 2760 1685 2821 loeni
1700 2766 1782 2825 simu*-

988 2848 1090 2907 lacrum
1109 2850 1234 2910 dicens:
1259 2849 1349 2907 Omnia
1368 2850 1451 2924 glorio
1472 2853 1582 2911 leontinis
1597 2850 1724 2927 tamquam
1737 2864 1784 2932 poa

987 2944 1051 3017 {eni
1066 2942 1142 3019 (laci.
1157 2943 1202 3001 to.
1218 2943 1260 3018 d).

1023 3036 1051 3093 2
1072 3038 1118 3106 bt,
1133 3038 1233 3110 inquis,
1247 3039 1336 3113 grauis
1349 3046 1377 3097 et
1391 3040 1488 3099 acerba
1505 3056 1551 3099 res
1566 3051 1609 3100 est
1625 3042 1782 3105 adversitas.

989 3129 1026 3186 dt
1039 3128 1100 3186 ride
1114 3130 1249 3201 quomodo
1264 3130 1322 3187 traco
1336 3146 1444 3205 quoque
1453 3147 1515 3189 cum
1527 3134 1579 3190 alia
1597 3136 1712 3208 imagine
1721 3124 1786 3197 con.-

987 3222 1091 3277 leratur
1103 3238 1110 3275 :
1121 3218 1214 3293 sicque
1228 3218 1298 3279 banc
1311 3222 1392 3280 etiam
1403 3231 1555 3281 contemne.
1570 3224 1707 3297 Siquidem
1721 3238 1787 3286 cou-

986 3312 1055 3369 riciu
1068 3319 1095 3369 et
1107 3312 1295 3383 contumelias,
1306 3328 1339 3371 ac
1349 3316 1459 3387 probra,
1473 3325 1501 3373 et
1512 3317 1671 3375 offendicula
1684 3334 1715 3377 ea
1726 3306 1787 3391 qua't

986 3404 1021 3461 ab
1033 3402 1149 3462 inimicis
1166 3405 1339 3477 objiciuntur,
1355 3416 1382 3464 et
1403 3408 1514 3467 insidias
1533 3410 1690 3470 indumento
1710 3426 1787 3472 rotu-

985 3508 1057 3557 state
1067 3508 1239 3573 consumpto,
1247 3515 1280 3559 ac
1290 3500 1359 3561 laute
1367 3516 1455 3559 exesas
1468 3518 1636 3575 comparans,
1649 3508 1690 3563 bis
1698 3508 1788 3567 uerbis

986 3589 1111 3648 utebatur
1124 3609 1132 3645 ι
1147 3590 1236 3649 Nolite
1249 3592 1336 3649 liutem
1349 3596 1514 3667 opprobrium
1529 3596 1669 3664 bominum,
1686 3608 1709 3655 et
1728 3600 1786 3657 iio-

987 3682 1116 3756 apitcntios
1128 3700 1217 3739 eoram
1232 3686 1410 3743 ne'rtaetuctia.
1431 3686 1504 3743 Sicut
1525 3688 1784 3761 eninroertimcntuns,

986 3777 1023 3831 aie
1037 3777 1150 3832 comedet
1178 3794 1220 3833 eoa
1239 3779 1329 3833 ommia
1343 3792 1353 3831 :
1366 3786 1390 3832 et
1414 3778 1479 3833 sicut
1491 3779 1588 3848 iuncos,
1603 3782 1639 3835 ric
1657 3781 1787 3837 decorabit

987 3884 1029 3931 eoa
1042 3870 1110 3924 tineo
1124 3866 1201 3940 (laci.
1224 3869 1269 3925 iil.
1290 3868 1568 3943 l.8).tloa1nobrom
1592 3872 1659 3928 nibil
1679 3888 1785 3945 eorutn,

986 3978 1046 4035 quse
1058 3962 1193 4031 accidunt,
1205 3962 1325 4021 animum
1339 3972 1413 4020 tuum
1427 3965 1568 4023 conturbet
1581 3986 1587 4021 :
1600 3982 1692 4023 uerunt
1702 3966 1786 4025 alium

986 4063 1069 4127 atquo
1082 4054 1163 4112 alitrtn
1178 4068 1274 4127 rogare
1291 4064 1319 4111 et
1338 4053 1446 4113 umbras
1465 4058 1587 4127 persequi
1606 4057 1787 4129 supersedent

987 4147 1087 4221 (neque
1108 4148 1180 4204 enisu
1201 4146 1274 4203 aliud
1294 4155 1337 4204 est
1357 4147 1502 4204 humanum
1522 4149 1673 4222 auxilium),
1691 4149 1786 4210 iesum

986 4254 1067 4312 quem
1081 4238 1159 4307 colis,
1180 4238 1239 4297 siue
1259 4240 1312 4297 ulla
1333 4241 1533 4299 intermissione
1552 4243 1673 4312 obsecra,
1694 4254 1724 4302 ut
1742 4242 1787 4303 rel

987 4332 1074 4390 solum
1084 4340 1203 4389 annuat:
1217 4344 1298 4405 atque
1311 4334 1399 4390 omnia
1414 4335 1492 4393 unico
1507 4337 1636 4409 temporis
1649 4332 1787 4397 momento

137 4450 201 4493 num
215 4438 341 4511 epium
363 4439 452 4497 altem
472 4438 591 4497 factm
609 4439 692 4499 epm
709 4440 815 4511 ,010213
835 4450 864 4499 gg
877 4443 933 4500 qm
987 4427 1149 4485 dilabentur.
1169 4426 1246 4497 Qttod
1269 4428 1292 4484 si
1316 4426 1481 4499 obsecrasti,
1504 4443 1555 4501 nec
1575 4439 1664 4488 tamen
1684 4431 1785 4488 malunt

137 4543 214 4587 suam
235 4531 391 4605 mogum„
406 4542 551 4604 Momm,
565 4534 611 4606 quq
633 4533 660 4591 p„
685 4534 849 4592 021,qu
863 4534 933 4591 qngq.
987 4519 1129 4593 depulsum
1151 4530 1202 4589 cst,
1224 4519 1252 4577 ld
1270 4516 1375 4578 scilicet
1395 4522 1450 4579 tteo
1471 4523 1597 4581 usitatum
1615 4534 1667 4594 cst,
1681 4533 1711 4582 ut
1730 4540 1785 4582 rtott

137 4620 215 4688 dunt,
228 4622 382 4694 patientiam
393 4637 534 4681 exercens.
553 4622 735 4693 Quamobrem
756 4638 792 4682 ne
813 4624 933 4683 animum
987 4616 1078 4672 statim
1101 4616 1143 4688 (ut
1156 4613 1228 4687 quod
1243 4616 1367 4688 superius
1389 4615 1445 4673 dixi
1468 4620 1601 4691 repetant)
1622 4621 1783 4681 acerbitates

137 4713 257 4790 dejicias.
911 4742 916 4749 -
987 4708 1160 4780 exstinguat:
1174 4709 1221 4766 sed
1233 4723 1295 4766 cunr
1305 4708 1529 4769 eaeirttumueriut
1540 4722 1621 4785 atquc
1631 4722 1716 4771 auctae
1726 4714 1781 4773 tue·

177 4806 253 4864 littei
263 4824 340 4880 pem
351 4819 444 4882 prm
462 4818 602 4882 pemani,
616 4805 687 4865 Dens
701 4822 752 4865 neq
764 4809 849 4865 nasim
867 4825 934 4866 m.
986 4800 1052 4868 rint,
1066 4800 1138 4873 iique
1150 4800 1196 4873 qui
1210 4800 1309 4857 beilum
1322 4800 1451 4880 inierunt,
1467 4803 1532 4859 ntlrtt
1547 4802 1605 4861 iere
1623 4804 1657 4861 ad
1675 4816 1786 4867 omnettr

137 4916 183 4972 per
194 4901 300 4957 adauae
312 4901 389 4959 tollit.
399 4931 436 4945 -
446 4900 552 4958 Etenim
566 4914 620 4957 una
633 4898 771 4957 dumtaxat
785 4914 831 4976 res
845 4902 934 4974 gravis
986 4892 1186 4967 improbitatem
1197 4892 1249 4950 sibi
1258 4892 1355 4968 reliqui
1369 4892 1492 4960 iecerint,
1505 4904 1560 4951 tunt
1571 4894 1785 4968 deniquoonmia

137 5004 170 5046 ac
190 4991 404 5061 pertimescenda
428 5002 487 5061 est,
512 5006 531 5051 o
552 4991 699 5066 Olympias,
726 5007 778 5050 una
805 4994 932 5064 mutto,
986 4987 1017 5044 in
1040 4984 1209 5057 tranqntllum
1233 4996 1344 5058 repente
1363 4995 1459 5059 mutet,
1479 4996 1560 5060 atque
1581 4989 1608 5045 in
1631 4989 1785 5063 inopinatos

138 5098 236 5154 nempe
246 5093 404 5158 peceatum
421 5098 502 5160 atque
518 5088 571 5146 hoe
588 5088 700 5145 verbnm
724 5102 869 5161 numquam
887 5088 934 5146 tibi
988 5080 1118 5153 quosdam
1131 5076 1222 5139 terum
1234 5089 1320 5137 status
1341 5095 1372 5137 ea
1393 5080 1518 5137 adducat.
1538 5080 1630 5153 Neque
1651 5084 1723 5139 enim
1746 5094 1787 5142 tot

132 5170 264 5233 'occinere
281 5176 393 5235 destiti:
409 5179 513 5251 reliqua
527 5190 617 5238 autem
630 5180 732 5248 omnia,
745 5195 821 5237 mera
832 5172 951 5252 tabula,‘
987 5175 1127 5235 dumtaxat
1137 5174 1206 5231 boua
1218 5173 1327 5231 eillcere
1341 5183 1439 5247 potest,
1460 5183 1524 5247 quot
1543 5186 1733 5248 exspectamus
1752 5192 1786 5237 ae

138 5265 194 5323 sire
206 5266 316 5325 insidias
325 5268 436 5339 dixeris,
445 5270 672 5340 sireinlmicitias,
682 5271 739 5329 sire
748 5272 866 5341 lraudcs,
877 5274 935 5331 siro
987 5284 1128 5342 speramus
1148 5284 1261 5326 :uerum
1275 5270 1359 5327 multo
1373 5269 1461 5343 ptura,
1476 5278 1557 5341 atque
1571 5270 1681 5328 induitis
1702 5273 1786 5345 parti·
1867 5332 1870 5337 .

137 5359 295 5429 calumnias,
310 5362 527 5433 siromaledieta,
541 5361 599 5421 siro
611 5364 804 5433 accusationes,
819 5364 876 5423 sire
886 5366 935 5425 bo·
987 5366 1040 5423 bus
1051 5364 1161 5437 majora.
1174 5364 1216 5423 tlb
1225 5364 1305 5438 idque
1314 5364 1394 5421 ctiam
1406 5364 1637 5424 Paulusdioebat:
1653 5364 1688 5423 ut·
1700 5354 1786 5424 nutent

167 5495 194 5559 (a
237 5495 336 5561 [ma
352 5496 384 5548 nd
401 5495 429 5548 0¹
465 5477 566 5563 W·
577 5495 671 5551 mum
687 5463 812 5550 mmm
830 5499 915 5553 ,m
988 5458 1033 5535 qrtt'
1046 5468 1134 5531 patena
1145 5460 1277 5531 calfacere
1287 5456 1522 5531 superabundanter
1533 5476 1610 5535 quum
1620 5463 1730 5535 petimus
1740 5450 1785 5545 cart

135 5496 232 5609 magu.
246 5565 273 5633 et
280 5558 364 5633 tribus
373 5510 539 5624 negdaff'onns
549 5567 609 5639 tteg.
621 5574 629 5611 a
642 5558 748 5626 minoia
756 5563 836 5637 primu
843 5536 936 5635 nerim&
988 5552 1128 5624 cogitamus
1141 5552 1249 5627 (Epiros.
1264 5554 1291 5610 5.
1303 5550 1359 5625 20).
1375 5555 1571 5637 Annon—statim
1582 5554 1725 5627 prohibere
1737 5546 1786 5629 po'·
1855 5550 1856 5555 '

134 5620 935 5800 ffiffinifflmmdiddiidill

986 5656 1067 5716 terat,
1087 5654 1192 5705 netues
1211 5646 1288 5719 pueri
1307 5646 1522 5705 intentationem
1541 5646 1612 5705 illam
1630 5650 1784 5741 laberentur

987 5740 1069 5815 (dun.
1081 5739 1129 5815 idi
1138 5740 1238 5805 Verum
1249 5739 1276 5806 id
1282 5740 1397 5815 *minime
1406 5740 1495 5799 lacere
1505 5741 1599 5810 voluit,
1612 5752 1640 5801 ut
1649 5744 1784 5817 ingentem

1454 5834 1645 5921 {Diti-batt.)

255 5833 287 5899 8.
308 5834 401 5901 loom
422 5833 600 5901 Cunrsoss.
622 5836 677 5899 lll.
