4142 6342
270 413 323 471 bb‘i

267 528 427 601 dignantur,
447 534 546 598 quanta
566 538 614 581 eos
635 522 765 581 Dominus
781 521 967 580 benevolentia
985 534 1069 582 eom-¹

269 621 420 695 plectetur-t
433 620 457 675 si
470 632 521 675 nos
532 617 596 673 mali
609 630 765 684 conserves,
780 617 827 689 qui
841 623 914 674 recte
927 628 957 671 ae
969 628 1062 686 gesse·

266 721 348 777 rant,
362 712 403 769 sic
425 710 572 767 bonoribus
588 708 840 766 affluere-novimas
857 722 889 763 ac
908 708 1061 779 suspicere,

268 805 331 875 quia
347 817 397 873 pro
415 801 524 858 cbristo
542 800 732 871 decuerant,
756 811 856 873 qnamo
877 800 962 872 magis
985 800 1063 857 Pater

267 901 361 949 noster
372 891 487 949 eulcstis
500 892 641 949 innumera
655 893 726 950 bena
735 892 809 949 dabit
820 892 863 959 iis,
876 892 922 963 qui
939 906 988 962 pro
1004 891 1063 962 ipso

267 983 374 1041 iaiiores
393 982 584 1040 exantlatum?
604 983 654 1039 list
675 984 748 1042 enim
771 983 915 1038 munibcus
935 988 963 1037 ct
984 980 1061 1067 lieni-

148 1099 155 1109 ·
266 1087 355 1143 gnur;
371 1089 465 1131 verum
482 1090 538 1129 non
555 1074 591 1131 ob
606 1073 659 1129 boc
671 1074 757 1145 ipsum
776 1073 858 1129 modo
876 1073 997 1144 ingentes
1015 1084 1062 1127 cos

268 1164 386 1221 honores
398 1176 529 1235 manent,
548 1166 737 1237 sedquoniam
755 1164 863 1220 debitor
876 1172 917 1219 est
931 1163 1060 1234 ipsorum.

205 1296 210 1302 ·
267 1254 321 1313 l‘ro
334 1257 412 1313 noliis
423 1266 557 1330 martyres
573 1258 680 1313 mactati
696 1270 750 1313 non
762 1264 835 1321 aunt,
851 1264 941 1311 tamen
963 1256 989 1311 in
1010 1254 1061 1311 bo·

269 1361 363 1403 norem
379 1347 485 1405 iliorum
498 1348 672 1406 convenimus
687 1363 696 1402 ι
714 1346 823 1418 quodsi
838 1359 887 1401 nos
900 1362 949 1416 pru
965 1345 1063 1417 quibua

270 1441 376 1505 timenti
390 1456 443 1497 riori
456 1452 530 1507 simi,
541 1440 726 1506 convenimus,
737 1437 870 1503 Cbrittus,
887 1452 936 1507 pro
949 1451 1002 1508 qno
1014 1450 1063 1492 sua

268 1531 353 1599 capita
367 1530 543 1598 decoremur,
552 1530 620 1601 qnid
632 1544 686 1585 nori
697 1526 856 1600 mettabiti-
870 1526 1000 1598 siquibus
1018 1526 1062 1583 ni·

268 1621 306 1677 iiii
316 1621 430 1680 debebat
442 1631 515 1678 ιιιιιι
528 1623 597 1677 bona
609 1619 694 1689 dedii,
707 1618 767 1689 bus,
776 1618 874 1690 quibus
890 1610 998 1674 debitor
1008 1626 1064 1685 est,

268 1713 364 1785 quibua
379 1712 458 1771 donis
478 1728 532 1769 nori
554 1710 790 1769 remunerabimini
802 1710 873 1767 rituti
885 1720 965 1768 antea
979 1721 1063 1769 terra·

268 1818 327 1859 rum
353 1804 413 1861 orbi
444 1804 580 1861 debebat:
604 1803 699 1888 Omnes
724 1804 793 1861 eriri
816 1814 1000 1877 peromnem,
1025 1806 1064 1861 ait

269 1895 383 1965 Paulus,
398 1906 422 1954 ct
437 1906 509 1969 egem
531 1896 614 1969 pluria
628 1895 679 1953 liei
692 1896 780 1969 (non.
794 1896 821 1953 b.
834 1896 903 1969 bib:
921 1898 976 1953 irno
997 1911 1064 1955 vero

270 2003 376 2059 poeirarn
399 2003 432 2045 nc
450 1988 610 2060 supplicium
632 1986 769 2057 debebat;
793 1998 1062 2066 verumtamen-cnm

269 2092 377 2151 poenam
396 2080 518 2137 nobisne
530 2079 691 2151 supplicium
707 2078 829 2148 deberet,
842 2080 923 2135 ritant
935 2092 1062 2136 aeternam

270 2167 380 2240 largitus
393 2180 454 2234 est.
477 2169 621 2241 siquibus
643 2168 724 2242 igitur
744 2170 905 2241 supplicium
928 2170 1062 2237 debebat,

253 2258 311 2313 'liis
323 2274 434 2330 regnrmi
449 2258 520 2316 dedit
534 2278 541 2315 ε
556 2260 653 2331 quibus
667 2260 748 2315 tilam
762 2269 888 2315 eteniam
897 2259 985 2328 debet,
999 2260 1065 2331 quid

268 2367 324 2408 nnn
342 2353 435 2409 dabit?
447 2352 544 2424 quibus
562 2368 618 2409 non
635 2368 684 2409 eus
697 2353 844 2409 bonoribus
860 2352 1003 2411 cumulabit
1015 2354 1027 2407 l
1040 2354 1063 2412 ai

271 2459 321 2515 pro
331 2444 393 2511 illis,
413 2445 458 2515 qui
472 2444 561 2515 ipsum
581 2431 713 2512 oderant,
728 2445 872 2502 crucilisus
885 2453 943 2512 est,
961 2454 991 2502 et
1001 2459 1064 2503 ean·

269 2535 377 2607 guinem
391 2536 480 2603 ludii-2
494 2550 545 2608 pro
558 2536 622 2602 iilis,
636 2537 682 2608 qui
696 2538 853 2609 sangninem
869 2551 918 2609 pro
928 2537 987 2608 eins
998 2552 1065 2594 con.

270 2629 385 2686 tissime
399 2630 532 2695 iudcium,
552 2627 616 2701 quid
638 2642 691 2684 rruii
710 2627 855 2701 perlicietl
872 2628 896 2684 si
908 2638 1064 2707 aversantes

270 2735 303 2776 ac
324 2721 473 2777 resilientes
492 2721 528 2776 ita
541 2720 635 2776 dilexit
646 2727 676 2775 ιιι
695 2733 744 2791 pro
756 2720 821 2789 ipsis
834 2731 994 2787 moreretur,
1016 2734 1064 2777 cos

268 2814 314 2885 qni
338 2828 462 2869 mensura
484 2813 573 2885 ipsum
602 2813 717 2868 maxima
742 2811 910 2879 dilexerunt;
937 2814 1064 2885 iinjorem

269 2907 341 2961 enirn
358 2906 406 2960 linc
430 2906 588 2961 ditectionem
609 2922 683 2963 iterim
704 2906 795 2972 babet,
819 2914 847 2959 ut
861 2906 973 2959 unimam
992 2922 1064 2961 suum

168 3056 171 3062 ,
270 3009 349 3069 ponet
361 3000 417 3070 quis
433 3016 480 3069 pro
493 3001 582 3055 amicir
594 3000 646 3053 iiiia
660 2998 748 3070 (ionii.
763 2998 807 3053 15.
822 2996 878 3070 lb),
891 3007 989 3071 quanta
1003 3014 1064 3054 sus·

269 3088 351 3158 cipiet
375 3089 588 3145 benevolenter
612 3089 710 3161 quibus
736 3088 834 3145 oiiiciis
866 3088 1064 3160 prosequetur?

163 3231 169 3248 ,
271 3178 386 3236 ΑιΙιΙιιιι
405 3178 514 3249 quidem
533 3180 710 3237 certaminum
731 3188 902 3235 externorum
921 3179 1015 3235 eodem
1036 3180 1063 3235 in

270 3284 416 3352 mammaic
429 3274 583 3341 decertant,
595 3282 624 3329 ei
642 3278 770 3341 vincunt,
782 3273 898 3343 victores
909 3273 1065 3329 renuntian-

271 3372 325 3433 tur,
335 3373 363 3421 ct
375 3374 538 3421 coronantur
557 3380 565 3419 z
588 3372 617 3419 at
633 3364 675 3419 isti
696 3362 802 3433 pietatis
816 3361 923 3417 atblctn
942 3376 996 3418 non
1009 3363 1062 3429 ita;

264 3452 319 3509 ‘aed
333 3454 361 3509 in
381 3454 507 3525 praesenti
520 3453 629 3525 quidem
648 3453 747 3509 seculo
763 3450 911 3520 decemmi,
933 3452 961 3507 in
975 3450 1065 3508 lutura

271 3553 360 3601 autcm
377 3554 541 3603 coronantur
554 3561 562 3599 ε
573 3554 724 3616 pugnarum
736 3542 780 3599 bic
791 3557 853 3599 cum
866 3541 973 3598 diabolo
985 3552 1065 3614 atque

273 3636 413 3705 vicerunt,
437 3635 491 3691 illic
514 3644 604 3691 autem
624 3635 740 3691 victores
760 3632 958 3691 renuntiantur.
980 3633 1014 3687 Et
1036 3638 1067 3687 ut

270 3723 331 3791 esse
350 3749 443 3791 verum
464 3733 532 3791 istud
553 3732 717 3804 intelligitis,
742 3746 793 3787 nec
814 3730 875 3786 illos
895 3729 939 3784 bic
958 3728 1065 3784 coronis

272 3827 378 3895 donari,
393 3842 487 3884 reruni
502 3827 557 3881 illic
570 3826 643 3896 ipsos
661 3825 751 3881 omnia
767 3838 877 3881 manere
889 3822 971 3891 dona,
993 3822 1065 3877 Pan·

271 3919 327 3975 luin
345 3919 479 3977 dicentem
497 3919 598 3986 audite,
611 3916 713 3973 Bonam
732 3927 859 3973 tutamen
876 3918 983 3983 emtum,
1003 3932 1064 3969 ciir-

270 4027 327 4066 iuni
340 4009 608 4078 consummaremur
622 4008 739 4064 munii:
755 4008 783 4062 iii
797 4008 892 4079 reliquo
905 4007 1016 4077 reposito
1029 4014 1066 4060 eit

230 4144 235 4147 -
269 4101 333 4156 nitri
345 4101 555 4172 cmonnjiivtiti'oe
564 4100 603 4172 (2.
615 4099 682 4155 Tim.
696 4099 724 4155 1.
738 4099 765 4153 t.
776 4099 806 4171 8)
821 4116 828 4153 :
849 4098 893 4153 ubi
906 4095 1065 4169 siquando?

274 4192 357 4258 Quom
370 4191 457 4247 reddet
476 4192 540 4247 nittt
558 4191 683 4247 Desinimus
701 4192 729 4246 i'n
748 4191 796 4245 itta
808 4190 858 4259 die,
867 4190 954 4263 justus
971 4190 1065 4262 juder.

272 4283 322 4340 liic
342 4284 471 4352 cucurrit,
491 4284 546 4340 illic
564 4294 726 4349 coronatur;
749 4283 793 4339 bic
814 4283 893 4350 vicit,
908 4284 963 4340 illic
979 4284 1066 4339 victor

273 4376 452 4433 renuntiatur.
466 4376 585 4433 Audistis
595 4376 681 4448 ipsum
694 4376 774 4433 lindie
787 4391 893 4447 quoque
904 4376 1064 4431 clamantem

273 4480 306 4522 ac
323 4467 480 4529 dicentem:
501 4468 583 4524 iusto
596 4470 672 4539 fidem
691 4468 804 4541 defuncti
822 4477 882 4523 miii
895 4458 982 4522 odiam
1003 4468 1063 4532 iiii,

277 4574 328 4613 iioii
346 4559 456 4631 mceptii
473 4559 728 4631 repromissionibus,
746 4557 791 4614 aed
808 4574 826 4611 ii
843 4558 917 4628 longe
934 4572 979 4611 eoi
997 4554 1067 4627 cipi-

273 4648 366 4705 cientes
379 4658 404 4707 tt
416 4651 556 4707 temtantes
574 4649 667 4723 (liebr-
682 4650 728 4707 ii.
743 4647 801 4723 lb).
815 4647 870 4705 Cur
885 4647 965 4718 igitur
977 4656 1069 4703 exier-

274 4740 317 4796 nis
333 4740 441 4812 quidem
456 4757 488 4798 ae
510 4740 629 4813 prolatis
646 4740 756 4797 atbietis
776 4739 856 4796 simul
875 4738 1018 4795 obveniunt
1040 4745 1067 4794 et

273 4832 392 4889 victorie
404 4840 433 4889 et
443 4847 562 4899 corona,
574 4832 681 4903 pietatis
694 4840 785 4888 ιιιιιιιι
798 4823 908 4887 athletis
917 4844 971 4884 noir
985 4828 1066 4885 simd

243 4955 247 4962 ·
273 4932 302 4980 et
313 4922 432 4980 victorie
451 4932 480 4980 et
490 4938 609 4991 coronae,
623 4922 671 4979 sel
692 4930 794 4979 tanturn
804 4930 866 4992 post
880 4920 1008 4991 temporis
1021 4921 1066 4975 in·

275 5013 437 5072 terrallumi
456 5013 602 5082 sudarunt,
621 5013 727 5070 labores
745 5013 789 5070 bic
804 5012 991 5081 enuntiarunt,
1007 5027 1068 5068 sex·

271 5113 350 5161 centa
364 5107 475 5163 rsrtnera
493 5111 674 5175 exceperunt,
694 5104 844 5164 ιιιιιιιίιιι
863 5105 903 5162 eis
921 5102 1068 5160 obveniunt

648 409 677 467 S.
696 405 837 466 intubis
850 398 1088 463 cuntsttstottt
1105 398 1265 458 inoliter.
1285 399 1553 460 CONSTANTlNOP.

1116 514 1214 582 datur,
1238 532 1373 588 quaecum
1395 517 1523 589 temporis
1545 516 1675 575 brevitate
1696 516 1868 589 dissolvatur,
1883 530 1912 578 et

1117 599 1243 679 pecorinis
1261 622 1293 665 ac
1315 616 1458 679 perpetuus
1475 622 1634 663 coronarum
1657 622 1723 675 usus
1743 614 1923 679 peinianent,'

1116 700 1160 772 qui
1178 716 1230 757 nna
1245 717 1305 756 cum
1326 692 1492 757 indultorum
1505 702 1665 757 concinionum
1681 701 1786 757 illorum
1801 702 1912 761 immor·

1117 794 1216 850 talilnte
1245 794 1381 865 perduret.
1401 794 1477 863 Quod
1506 782 1586 875 igitur
1612 792 1758 873 majoribus
1785 809 1834 851 eos
1861 796 1911 851 bo·

1115 887 1227 943 noiibus
1241 902 1337 944 ornare
1356 888 1447 953 veliet,
1463 903 1559 943 niurias
1571 886 1672 944 distulit
1686 907 1693 945 :
1711 903 1760 945 nec
1773 888 1835 948 ideo
1849 901 1910 945 tan·

1117 986 1192 1045 tuni,
1213 977 1261 1034 scd
1280 985 1308 1033 ιιι
1327 993 1392 1049 pnra
1413 978 1537 1050 deinceps
1557 978 1692 1051 voluptate
1707 980 1908 1050 perlundnntur.

1116 1068 1182 1125 ilani
1203 1069 1427 1142 quemadmodum
1448 1071 1481 1139 is,
1503 1072 1548 1142 qui
1575 1072 1649 1143 priris
1673 1064 1775 1129 deliciis
1790 1088 1822 1129 ac
1835 1074 1910 1129 nolu·

1118 1160 1233 1232 ptatibus
1247 1159 1408 1233 balineae,
1417 1161 1512 1221 deinde
1527 1162 1668 1217 vexandus
1681 1150 1749 1237 est,
1763 1174 1912 1235 presentes

1116 1252 1225 1313 delicias
1246 1254 1281 1309 ob
1295 1254 1442 1317 futurorum
1464 1254 1594 1309 malorum
1609 1256 1840 1327 ¹eispectationem
1859 1254 1911 1311 aii-

1117 1344 1189 1401 nimc
1200 1346 1300 1401 sentit:
1320 1347 1358 1401 sic
1373 1346 1417 1400 ille
1432 1346 1475 1417 qni
1490 1344 1562 1415 prins
1577 1355 1675 1416 pugnat
1689 1361 1720 1417 ac
1732 1346 1868 1413 decertat,
1880 1354 1910 1401 et

1116 1432 1242 1492 sescenta
1257 1436 1325 1491 maia
1349 1437 1453 1500 tulerat,
1470 1435 1566 1492 deinde
1589 1451 1652 1491 vero
1671 1447 1823 1503 cominatur,
1841 1450 1910 1507 prae·

1116 1528 1231 1585 sentium
1253 1528 1383 1584 malorum
1408 1544 1515 1585 sensum
1540 1544 1593 1583 non
1616 1528 1697 1601 eupit,
1720 1528 1784 1585 dum
1806 1529 1909 1584 iuturu-

1116 1633 1175 1676 rnm
1188 1618 1319 1677 bonorum
1333 1634 1381 1693 spe
1399 1626 1545 1675 recreatur.
1558 1618 1650 1689 Neque
1663 1634 1728 1675 nero
1742 1618 1835 1675 labore
1850 1627 1909 1675 tan-

1116 1720 1172 1768 tum
1190 1726 1237 1769 eos
1251 1712 1375 1785 presenti
1394 1710 1523 1783 perbene
1543 1710 1692 1768 sutrinorum
1705 1727 1779 1785 spem
1800 1711 1918 1785 lerant,

1116 1803 1163 1861 scd
1182 1805 1262 1861 etiam
1276 1804 1349 1876 quod
1366 1802 1495 1871 cliecerit,
1517 1814 1546 1859 ut
1567 1802 1660 1859 ordine
1674 1804 1749 1875 prior
1771 1802 1909 1873 voluptate

1116 1904 1188 1952 esset
1201 1894 1332 1951 aiilictioi
1356 1909 1391 1951 ne
1409 1894 1582 1953 veliementer
1594 1908 1609 1948 ι
1629 1884 1806 1965 presentibus
1818 1893 1912 1961 nialii,

1116 1984 1179 2041 dum
1192 1984 1226 2041 ad
1240 1986 1284 2041 iila
1299 1985 1444 2056 respiciunt
1458 1994 1642 2057 torqueantur.
1654 1984 1698 2041 Sic
1707 1985 1745 2041 illl
1756 1984 1910 2058 eitnn,.qui

1116 2075 1263 2148 pugilatum
1285 2082 1407 2144 cerunt,
1423 2076 1546 2132 alacritcr
1564 2076 1674 2133 uulnera
1686 2076 1839 2147 excipiunt,
1853 2094 1909 2133 non

1116 2167 1234 2236 dolores,
1249 2166 1297 2224 sed
1312 2182 1439 2224 coronam
1461 2176 1633 2239 spectantes;
1649 2168 1729 2225 sicet
1744 2178 1831 2225 nanim
1845 2184 1908 2223 ser·

1117 2266 1194 2315 centa
1213 2258 1331 2330 pericula
1345 2258 1511 2329 subeuntes,
1532 2267 1722 2329 tempestates,
1737 2267 1764 2315 et
1782 2258 1908 2315 iniestnm

1117 2349 1251 2423 quoddam
1271 2349 1382 2416 bellum,
1402 2364 1435 2405 ac
1456 2348 1534 2405 sevis
1549 2364 1579 2405 se
1598 2348 1704 2416 belluis,
1724 2357 1752 2405 et
1764 2349 1913 2420 grassanti-

1116 2442 1166 2498 bus
1187 2441 1214 2496 in
1242 2442 1308 2495 mari
1334 2439 1504 2510 predonibus
1527 2438 1702 2509 objicientes,
1725 2439 1790 2496 nibil
1812 2438 1909 2495 luorum

1117 2542 1206 2589 menie
1220 2539 1339 2601 versant,
1353 2530 1400 2587 scd
1415 2530 1456 2589 ,ad
1470 2540 1564 2603 portus
1578 2544 1609 2585 ac
1621 2528 1727 2585 divitias
1740 2544 1773 2585 cx
1787 2530 1908 2601 negotiu

1117 2628 1192 2683 tione
1213 2624 1376 2697 colligendas
1403 2624 1569 2696 respiciunt:
1590 2624 1671 2679 itaet
1696 2633 1834 2697 martyres·
1848 2640 1910 2680 sca-

1117 2728 1197 2775 ccnta
1208 2718 1276 2773 mala
1290 2716 1443 2782 tolerantes,
1464 2730 1577 2787 corpore
1596 2715 1676 2771 variis
1689 2716 1829 2772 tormentis
1842 2730 1909 2771 con

1117 2812 1183 2877 ciso,
1207 2810 1271 2865 nibil
1294 2810 1405 2865 istorum
1429 2808 1599 2878 spectabant,
1622 2806 1668 2863 sed
1682 2806 1748 2863 caelo
1766 2816 1793 2863 ct
1814 2806 1909 2873 bonis,

1117 2916 1176 2973 qnae
1196 2900 1257 2957 inde
1270 2908 1422 2971 speramur,
1445 2896 1592 2955 inhiabant.
1607 2895 1695 2968 dique
1716 2905 1745 2952 ut
1757 2872 1910 2967 inteiligails

1117 3008 1159 3059 eu,
1181 3006 1240 3063 qnae
1255 3000 1347 3046 natura
1370 3004 1417 3045 ιιιι
1435 2988 1526 3060 gravia
1544 2996 1608 3045 sunt
1626 2996 1653 3043 et
1667 2986 1843 3069 intolerandi,
1862 3002 1910 3058 spe

1117 3085 1265 3141 interorum
1280 3084 1346 3139 lenia
1360 3080 1435 3138 reddi
1449 3097 1481 3139 ac
1499 3081 1634 3146 facillima,
1650 3082 1801 3151 preelectum
1816 3078 1910 3135 talium

1117 3179 1247 3235 bonorum
1263 3177 1395 3232 dicentem
1409 3174 1521 3230 audite:
1535 3171 1569 3227 ld
1589 3174 1654 3227 enim
1667 3171 1735 3243 quoii
1752 3172 1779 3226 in
1793 3172 1911 3243 prurienti

1117 3278 1155 3325 eit
1175 3272 1374 3323 brementensem
1393 3275 1417 3321 et
1437 3266 1490 3321 ieie
1511 3262 1678 3319 tribulationis
1702 3270 1809 3329 nadre,
1830 3278 1910 3331 repre

1118 3359 1220 3415 modum
1232 3358 1259 3414 iii
1272 3358 1424 3413 suillinliute
1436 3364 1559 3411 eternium
1578 3352 1668 3425 piorioi
1680 3352 1780 3425 pondua
1792 3361 1910 3423 operator

1117 3451 1188 3507 noiii
1200 3448 1240 3521 (1.
1254 3446 1314 3505 Cor.
1329 3449 1356 3504 1.
1370 3448 1425 3518 tt).
1441 3446 1500 3514 Quo
1513 3445 1619 3502 tandem
1634 3453 1710 3515 pacto
1722 3444 1834 3516 quiesci
1848 3442 1910 3499 Nori

1117 3538 1345 3610 contemplantibus
1364 3536 1435 3591 nobis
1447 3551 1504 3609 quie
1526 3534 1710 3603 ardemanne
1730 3548 1786 3605 qus·
1809 3550 1860 3589 non
1874 3533 1911 3588 oi·-

1118 3632 1208 3689 deutur
1227 3629 1280 3705 (lt.
1295 3646 1319 3685 ri.
1335 3628 1389 3702 18).

1152 3722 1181 3779 2.
1203 3722 1264 3777 llicc
1283 3732 1371 3776 antem
1393 3733 1446 3774 non
1470 3718 1518 3775 abs
1541 3733 1571 3772 rc
1592 3716 1661 3771 dicia
1684 3724 1746 3771 sunt
1759 3730 1774 3769 a
1789 3730 1841 3777 nie,
1863 3714 1911 3770 scd

1119 3822 1228 3887 proptor
1248 3827 1306 3875 vos,
1332 3817 1360 3863 nt
1378 3822 1438 3864 cum
1458 3809 1573 3877 aliquein
1593 3806 1619 3860 in
1638 3803 1688 3860 bac
1700 3805 1753 3860 vita
1765 3803 1866 3859 deliciis
1880 3818 1911 3858 ac

1119 3904 1295 3976 voluptatibus
1307 3901 1483 3973 pcrlruenlem
1493 3896 1678 3965 videritis,sed
1693 3896 1749 3951 illic
1757 3904 1849 3967 postca
1861 3910 1911 3965 pir·

1119 3998 1255 4061 riicndum,
1265 4010 1317 4051 non
1328 3980 1503 4063 ciimproptcr
1518 3997 1663 4060 presentes
1677 3984 1910 4052 deliciasbeatum,

1119 4092 1165 4148 sed
1181 4098 1288 4162 propter
1302 4086 1420 4141 loturum
1434 4082 1593 4155 supplicium
1612 4081 1737 4138 miserum
1750 4076 1910 4149 praedicetis.
1964 4080 1966 4083 ’

1119 4184 1236 4241 Rursum
1252 4180 1296 4237 ulii
1306 4176 1458 4251 qnempiam
1469 4190 1572 4239 eorum,
1586 4172 1631 4246 qui
1643 4172 1727 4227 multo
1740 4170 1795 4227 iliic
1809 4169 1911 4225 bonore

1119 4271 1263 4333 decorandi
1286 4280 1359 4339 sunt,
1381 4268 1524 4325 aillictinne
1536 4281 1568 4324 ac
1582 4264 1760 4329 tribulatione,
1775 4260 1910 4334 atquein·

1119 4364 1327 4425 numerismalis
1341 4362 1367 4419 in
1379 4361 1429 4416 lrac
1438 4356 1575 4429 temporali
1588 4356 1638 4411 itta
1651 4354 1771 4411 videritis
1782 4350 1909 4417 obsideri,

1123 4473 1158 4515 ne
1180 4462 1290 4528 propter
1311 4450 1451 4524 praesentia
1472 4450 1541 4504 mala
1565 4446 1719 4517 deploretis,
1742 4443 1788 4500 sed
1808 4442 1911 4499 felicem

1117 4547 1241 4619 judicetis
1254 4558 1285 4601 ae
1297 4544 1404 4601 beatum
1416 4535 1526 4615 propter
1540 4537 1670 4611 repositas
1684 4535 1735 4607 ipsi
1757 4535 1782 4589 in
1803 4532 1913 4589 ininius

1120 4640 1173 4697 illis
1187 4637 1292 4695 saeculis
1312 4650 1426 4693 coronas
1437 4633 1578 4690 censeatis.
1599 4628 1676 4686 llunc
1689 4630 1781 4701 itaque
1791 4635 1911 4683 anicium

1119 4732 1232 4788 Cilicum
1254 4729 1327 4784 natio
1349 4727 1417 4790 tulit,
1442 4740 1502 4796 quai
1521 4720 1633 4791 Paulum
1656 4722 1737 4777 etiam
1753 4718 1831 4775 tulit:
1845 4717 1911 4775 ciris

1120 4827 1191 4884 enim
1206 4824 1275 4880 illins
1288 4821 1347 4889 init,
1360 4830 1387 4877 ct
1401 4827 1512 4889 uterque
1523 4816 1601 4873 nobis
1614 4812 1675 4871 inde
1683 4813 1804 4869 minister
1820 4810 1912 4867 Eccle-

1121 4918 1167 4977 sia
1183 4916 1289 4989 prodiit.
1783 4898 1785 4903 ’

1157 5008 1311 5063 Diuturniim
1330 5002 1430 5059 inliniri
1451 5000 1648 5072 nioriqriiiiii.-
1657 4996 1801 5065 Postquain
1824 5003 1913 5049 autern

1121 5100 1228 5172 pietatis
1241 5105 1362 5167 apertum
1376 5103 1417 5149 esi
1431 5090 1554 5156 stadium,
1571 5099 1597 5144 et
1610 5089 1642 5145 ad
1653 5086 1800 5144 certamina
1810 5095 1915 5154 tempus

271 5196 399 5253 corone!
419 5195 608 5268 Nequaquam,
623 5193 710 5265 inquit
723 5214 731 5251 ι
745 5210 800 5251 non
818 5196 891 5254 enirn
912 5196 973 5251 vitai
994 5210 1066 5265 prae-
1121 5194 1207 5264 ipsum
1229 5189 1343 5255 vocavit,
1369 5186 1396 5242 in
1419 5198 1517 5241 savam
1538 5180 1631 5239 incidit
1643 5180 1768 5243 belluam,
1782 5192 1842 5249 qna
1857 5184 1913 5231 tum

273 5274 358 5343 sentis
376 5296 470 5343 natura
482 5286 692 5357 magnitudinem
710 5286 819 5347 bonoria
832 5287 903 5344 illius
915 5286 986 5357 capit
1000 5302 1008 5340 ε
1022 5300 1068 5341 ca·
1119 5281 1246 5355 judicium
1257 5276 1408 5341 exercebat.
1419 5276 1458 5331 Ac
1469 5272 1556 5329 videte
1566 5278 1744 5329 commentum
1755 5264 1914 5323 :eumentm

239 5448 244 5455 ¹
272 5377 370 5432 ducum
391 5384 434 5433 est
451 5377 579 5434 emulum
598 5392 736 5449 praesens,
758 5392 792 5434 ac
811 5378 910 5444 breve;
934 5376 1066 5437 brianum
1121 5386 1183 5431 eum
1199 5368 1363 5427 lortianimo
1377 5365 1516 5438 praeditum
1531 5362 1643 5426 rideret,
1657 5373 1744 5431 neque
1757 5372 1913 5429 possesup·

272 5468 348 5537 illuri,
362 5469 524 5537 immortale,
536 5478 712 5525 etaemrnnm.
1120 5464 1192 5538 plicil
1208 5460 1376 5519 vehementia
1392 5456 1504 5529 rigidum
1520 5454 1584 5511 iliad
1600 5452 1682 5509 animi
1698 5450 1778 5509 robur
1793 5448 1913 5517 iniringi,

310 5559 478 5633 Temporoiiei
491 5562 589 5618 bine
606 5578 713 5619 cuorus
730 5563 843 5632 nosmet
865 5558 1069 5614 imniortuiei.-
1121 5557 1147 5612 in
1161 5552 1413 5627 procrastinationes
1431 5549 1504 5603 illum
1525 5546 1633 5617 conjicit
1650 5559 1681 5600 ac
1700 5541 1849 5599 dilationes.
1873 5540 1914 5593 in·

274 5652 420 5723 Propterea
440 5653 546 5711 labores
564 5653 672 5726 quidem
686 5668 747 5710 cum
763 5652 837 5708 brevi
856 5664 888 5706 ac
907 5649 1068 5718 temporarie
1122 5647 1263 5704 traducens
1278 5640 1421 5698 identidem
1444 5648 1471 5695 et
1494 5638 1620 5694 educens.
1636 5635 1694 5691 Nun
1708 5634 1778 5691 enim
1792 5648 1845 5688 uno
1858 5628 1912 5693 die.

273 5741 373 5800 seculo
392 5746 444 5801 istu
455 5749 612 5815 connexuit,
634 5760 748 5803 cumnis
761 5752 851 5799 antem
873 5749 974 5798 aterno
988 5749 1068 5809 atquc
1122 5756 1183 5797 cuin
1197 5738 1324 5802 audisset,
1341 5734 1377 5790 illi
1390 5738 1470 5804 eaput
1481 5730 1601 5795 abscidit,
1619 5744 1653 5783 ne
1664 5724 1785 5797 supplicii
1796 5719 1913 5778 brevitas

276 5837 418 5894 immortali
437 5840 595 5907 reservavit,
608 5846 637 5894 ut
654 5845 682 5900 ei
696 5836 818 5893 laborum
832 5832 953 5891 molestia
969 5832 1065 5905 preci·
1125 5830 1268 5885 iacilioreni
1282 5824 1319 5881 iili
1340 5836 1447 5885 cursum
1469 5819 1611 5885 reddcrcti
1631 5817 1677 5873 seii
1693 5814 1785 5870 ilii-lint
1804 5808 1920 5883 tiiigulir-
