4142 6342
292 343 345 400 887
432 403 436 410 ,
661 335 690 394 S.
704 335 844 412 tdsnnts
861 335 1099 417 dimississem
1112 335 1272 398 anctttsr.
1289 334 1554 394 coessentialis.
1884 332 1938 392 {88

291 453 385 512 luisse.
392 451 501 529 'Etesiim
512 449 588 507 iilum
597 450 626 504 in
635 450 794 528 sacerdotali
804 449 892 507 adhoc
899 450 996 508 ordine
1004 449 1088 514 luisse
1142 448 1223 506 mitiis
1243 446 1272 503 id
1292 446 1478 504 demonstrare
1492 445 1583 502 nititur
1594 441 1811 518 Cbrgsostomus,
1826 443 1897 516 quad
1910 453 1941 502 et

292 546 367 620 argui
389 544 493 600 ridetur
513 560 546 600 es
569 543 603 600 iis
616 557 676 613 qua
697 542 733 600 de
755 542 940 601 sacerdotibus
958 545 1047 605 istius,
1061 547 1087 602 in
1141 538 1204 596 alibi
1218 536 1389 610 lrequenter,
1403 537 1529 594 nimirum
1543 535 1742 608 inscriptiones,
1755 535 1863 592 nourina
1878 550 1943 606 pro-

292 654 344 709 qna
357 635 480 708 degebat,
495 635 569 690 urbis
591 634 692 703 aliquot
710 634 737 690 iu
750 633 1011 703 locisai13nrasitue
1021 651 1087 694 sero
1142 631 1219 702 pria,
1244 631 1436 698 salutationes,
1466 632 1585 703 aliasque
1616 630 1785 701 quantumvis
1814 627 1942 686 minimas

292 725 449 784 insecundo
472 723 592 793 bomilia,
616 741 691 782 unm.
704 727 732 792 5,
745 727 790 784 ubi
811 727 949 784 auditores
962 743 1086 798 carpens,
1142 721 1286 796 Scriptura
1311 737 1396 778 sacrae
1418 721 1569 793 particulas,
1582 737 1637 778 non
1650 733 1873 791 supervacaneas,
1891 720 1942 776 scd

291 818 479 891 quodquidam
494 833 588 874 carum
601 819 628 874 ia
644 813 797 876 sicardotes
817 820 914 891 probra
928 829 955 874 et
968 819 1088 876 corrsicis
1142 814 1283 886 diligenter
1304 813 1480 872 excutiendas
1500 827 1579 870 esse:
1595 829 1656 870 cnm
1671 828 1736 869 sero
1749 812 1942 884 inscriptiones

288 912 426 983 jacereat3
439 910 485 966 aiii
497 925 562 968 rere
576 908 635 966 baec
646 911 785 967 audientes
799 910 946 967 maledicos
960 911 1021 966 illos
1033 925 1087 967 non
1142 916 1170 964 et
1180 907 1287 964 nomina
1303 915 1495 964 coarmemorst
1514 907 1590 963 initio
1605 905 1734 988 secundm
1747 906 1851 970 dicens.
1869 903 1943 962 Nom

291 1012 503 1075 conrpescoreot.
526 1003 588 1058 talia
609 1002 679 1060 latur
699 1019 707 1058 ε
730 1002 799 1068 eote
820 1003 872 1058 iilis
890 1004 965 1075 suerit
979 1003 1087 1072 beatius,
1142 1000 1266 1056 didicistis
1280 1009 1303 1056 et
1317 1001 1502 1074 inscriptiones,
1524 1009 1546 1056 et
1567 999 1680 1068 nantino,
1695 1008 1719 1056 et
1731 999 1857 1071 simplices
1870 999 1944 1056 saiu-

290 1097 353 1168 prrid
366 1105 450 1150 autem
464 1095 536 1152 nohis
550 1096 686 1151 miserius?
705 1093 916 1166 Quandoquidem
931 1095 970 1149 iiii
981 1097 1086 1166 sanpai·
1143 1093 1260 1169 tentiones¹
1271 1091 1403 1166 diiigenter
1425 1093 1452 1147 r'n
1474 1091 1616 1164 scriptoris
1629 1092 1797 1158 esesdmdo5
1811 1107 1885 1160 cum,
1899 1092 1944 1148 in·

291 1204 349 1244 aem
374 1199 398 1243 et
420 1188 533 1243 anirnam
555 1204 602 1258 pro
614 1179 810 1259 preceptoribus
824 1185 1021 1258 profundebant,
1042 1201 1088 1242 aar
1142 1197 1234 1254 quam,
1255 1183 1451 1254 inscriptiones,
1475 1191 1502 1240 et
1516 1184 1634 1249 nomina,
1655 1182 1742 1251 idest,
1759 1183 1866 1239 nomina
1880 1197 1944 1254 pro-

290 1289 374 1334 ontcm
395 1295 475 1348 amare
487 1278 588 1334 neriam
602 1295 649 1352 pro
659 1276 832 1332 corrmmnihus
849 1275 963 1346 purrihos
977 1277 1089 1332 earittere
1142 1261 1410 1348 priacnnrmembrat,
1419 1276 1587 1333 subindicare
1597 1289 1706 1347 prorsus
1715 1277 1945 1348 videturquatnor

292 1371 426 1438 audemus,
447 1370 492 1426 sed
512 1387 570 1426 cam
582 1371 715 1426 aadiamas
738 1369 775 1424 cis
788 1367 905 1423 atoiedici
926 1376 950 1421 et
969 1368 1088 1423 conviciis
1143 1367 1283 1436 florrrilias,
1298 1384 1365 1440 quas
1386 1368 1420 1424 dc
1443 1369 1617 1440 inscriptione
1636 1373 1751 1425 actuum
1772 1369 1861 1441 deque
1880 1371 1943 1426 aliis

291 1481 334 1520 eos
347 1463 509 1521 dehonemari
520 1474 545 1520 et
561 1464 641 1520 asnis
659 1472 683 1518 et
699 1462 731 1517 ab
744 1462 844 1527 alienis,
860 1460 995 1516 araledr'cos
1008 1477 1088 1534 neprn
1143 1458 1287 1531 Scripturas
1299 1475 1382 1516 sacrae
1397 1459 1624 1532 inscriptionibus,
1638 1477 1740 1516 necnon
1751 1471 1866 1532 quatuor
1875 1462 1943 1518 alias

291 1559 481 1628 compescimur,
495 1572 575 1628 nepae
594 1554 810 1626 reprehendimus,
824 1569 904 1624 nepae
915 1552 1086 1623 prohibemns.
1142 1565 1209 1622 quas
1229 1551 1262 1606 de
1282 1552 1444 1618 nominibus,
1465 1567 1497 1608 sc
1520 1552 1554 1608 de
1572 1552 1710 1616 trontimnn
1724 1555 1871 1610 irroratione
1886 1556 1944 1610 Aa·

186 1648 192 1666 ¹
292 1648 356 1704 ilaec
378 1656 451 1704 certe
474 1643 818 1703 nonvidenturessedicta
830 1643 1015 1717 chrysostomi
1032 1641 1088 1713 jam
1143 1639 1401 1698 tioehissbabuerat.
1417 1641 1493 1700 Urrde
1507 1643 1587 1700 etiarn
1602 1644 1942 1701 entiturhasceduasbo·

291 1738 409 1810 episcopi
418 1735 816 1807 Gonsmndnopolitaaizneque
825 1736 897 1792 enim
912 1735 956 1789 ille
963 1734 1019 1804 iarn
1032 1733 1087 1806 epi·
1142 1733 1232 1790 milias
1255 1735 1406 1792 Antiochiae
1430 1736 1534 1793 liabitas
1561 1735 1668 1794 luisse:
1697 1753 1769 1805 nam,
1794 1748 1823 1794 ut
1847 1739 1940 1812 liquet,

293 1845 392 1901 scopus
415 1830 568 1888 sacerdotes
587 1831 647 1886 illos
666 1830 711 1901 qui
738 1829 866 1886 conviciis
880 1827 1086 1900 impetebantur,
1142 1826 1265 1884 eumdem
1277 1828 1324 1884 ille
1337 1827 1478 1902 populum,
1492 1831 1537 1902 gui
1553 1839 1715 1888 memoratas
1727 1831 1942 1888 audieratbomi-

291 1936 448 1979 communes
456 1931 545 1993 patres
557 1921 718 1994 appellasset
729 1937 738 1988 ;
752 1921 911 1978 variantem
923 1919 1088 1976 similiusest
1143 1917 1203 1986 lias,
1216 1918 1369 1992 alloquitur.

291 2030 366 2079 eum,
388 2028 450 2070 cnm
472 2014 593 2070 seniores
606 2012 732 2070 Ecclesiae
745 2010 919 2068 Antiocheae
934 2011 1088 2068 sacerdotes
1121 2005 1124 2010 '
1179 2012 1409 2070 Priorisbomiiiae
1429 2014 1613 2085 interpretatio
1627 2013 1721 2071 Latina
1739 2023 1783 2072 est
1796 2015 1940 2074 Frontonis

290 2106 396 2178 probris
416 2113 541 2164 oneratas
559 2116 692 2174 cerneret,
716 2104 825 2162 easdem
848 2115 953 2177 patrum
969 2105 1028 2161 loco
1040 2103 1088 2160 ba·
1144 2104 1254 2172 bueni3
1272 2107 1427 2178 posterioris
1453 2123 1518 2164 rere
1541 2108 1703 2180 sigismundi
1723 2107 1837 2178 Gelenii,
1861 2127 1940 2183 gram

292 2197 391 2266 baisse,
406 2197 498 2270 sicam
515 2197 674 2270 appellasse.
689 2199 719 2254 ln
732 2196 807 2253 bisce
821 2211 902 2268 porro
915 2196 1017 2252 duabus
1037 2195 1088 2251 ho-
1143 2195 1234 2252 multis
1246 2197 1273 2252 in
1288 2196 1354 2254 locis
1367 2199 1566 2270 casdgasimns.

989 2423 1045 2495 IN
1068 2423 1241 2512 ILLUD,

283 2632 288 2640 .
403 2595 567 2641 smorsrn
587 2596 774 2642 rurscrusn
795 2595 836 2640 nr
856 2595 1000 2650 ueniunt
1022 2575 1137 2658 (Rom.
1162 2576 1210 2638 lli.
1233 2573 1292 2658 3),
1310 2595 1351 2639 nr
1371 2594 1443 2650 pne
1464 2595 1672 2658 smannens,
1694 2600 1799 2650 sanna
1816 2601 1840 2648 1.

937 2716 1296 2771 ...ἡψ-

326 2842 352 2898 i.
367 2840 402 2896 in
411 2840 546 2912 Scriptura
558 2841 797 2912 nihilsoperlinom.
811 2837 885 2895 Unde
901 2839 1008 2896 hereses
1018 2849 1087 2896 aare
1144 2837 1171 2894 in
1185 2853 1217 2894 es
1228 2853 1287 2910 quae
1301 2835 1403 2892 inutilia
1416 2844 1516 2893 surrtct
1526 2837 1605 2894 noxis
1617 2855 1624 2893 ι
1638 2836 1838 2910 scripturarum
1849 2849 1935 2898 antem

286 2915 360 2992 'rann
373 2965 409 2975 -
424 2934 519 2991 dulsos
543 2933 660 2990 arbitror
686 2948 719 2989 es
743 2933 821 2989 robis
846 2933 937 2990 mirari
950 2979 953 2984 .
965 2934 1088 2991 lectionis
1144 2931 1238 3002 peritia
1253 2930 1396 3003 negligitur
1404 2945 1436 2984 ac
1448 2929 1604 3002 despicitur.
1621 2932 1708 3002 Atque
1723 2932 1760 2988 illi
1773 2933 1935 3005 quidemqui

292 3027 449 3100 apostolicas
463 3028 549 3083 locum
562 3028 652 3089 istum,
673 3025 715 3082 rel
738 3025 828 3098 potins
849 3027 938 3082 minus
959 3043 1087 3100 necessa·
1143 3025 1298 3082 certaminis
1326 3039 1456 3097 equorum
1482 3023 1633 3096 spectacula
1650 3025 1682 3080 ad
1705 3034 1842 3096 stuporem
1856 3041 1936 3100 usqne

290 3118 358 3174 riam
368 3133 401 3174 sc
409 3132 636 3187 supervacaneam
644 3117 743 3173 docere
752 3128 855 3188 partem
867 3117 944 3174 istam
956 3119 1087 3190 epistolae,
1142 3119 1281 3184 mirantur,
1293 3127 1321 3174 et
1328 3132 1435 3183 tramea,
1443 3125 1595 3188 etgregcm,
1606 3126 1734 3189 etgcans,
1742 3127 1769 3174 et
1779 3121 1900 3189 patriam,
1910 3131 1937 3178 et

292 3209 364 3281 guod
386 3209 560 3267 salutationes
587 3219 690 3266 larrium
716 3209 870 3280 innuentes
886 3210 1088 3268 lrabeatacsibi
1141 3209 1465 3280 educationemequorum
1480 3207 1684 3281 diligentissime
1698 3219 1807 3280 possunt
1821 3209 1934 3280 relerre,

291 3302 407 3359 invicem
432 3302 619 3360 succedentes.
634 3304 719 3368 diram
734 3301 770 3359 ob
791 3317 900 3359 cansam
914 3313 941 3361 et
959 3304 1018 3376 ipse
1037 3305 1087 3361 bo·
1140 3311 1220 3374 atquc
1240 3317 1325 3359 asinos
1345 3304 1415 3371 vira,
1431 3317 1577 3374 cursusque
1593 3302 1799 3370 vehementiam,
1824 3315 1852 3362 ct
1877 3307 1935 3377 quis

289 3393 384 3456 diemo
408 3393 452 3451 die
476 3409 584 3452 cursum
606 3394 735 3451 orationis
758 3393 812 3451 aiio
838 3393 961 3464 beatem,
986 3397 1022 3453 ab
1042 3397 1088 3456 iilo
1140 3411 1200 3454 cnm
1216 3397 1304 3470 qnasi
1327 3396 1719 3469 lueritcapulatus,uictoriam
1739 3399 1896 3472 reportabit,
1909 3408 1935 3457 et

289 3483 426 3555 digressus
438 3494 597 3557 argumento
610 3486 643 3541 ad
668 3486 718 3543 boc
732 3486 865 3544 divertere
879 3503 938 3544 sum
965 3498 1086 3560 paratus,
1139 3490 1200 3563 quis
1214 3505 1299 3562 equos
1318 3506 1351 3546 es
1366 3489 1409 3546 bis
1420 3488 1462 3546 vel
1487 3488 1538 3546 illis
1553 3491 1669 3548 emissus
1682 3493 1847 3558 carceribus,
1868 3501 1897 3547 et
1919 3507 1935 3548 a

290 3585 320 3631 nt
334 3576 361 3631 in
376 3577 460 3632 sacris
473 3575 617 3647 scripturis
629 3576 694 3633 nihil
719 3592 946 3648 supervacaneum
960 3595 1021 3636 esse
1042 3581 1085 3636 in·
1139 3597 1193 3652 uuo
1204 3581 1227 3639 si
1240 3583 1372 3654 agitatore
1383 3590 1502 3654 regatur,
1518 3582 1607 3638 sirreot
1622 3584 1648 3638 ia
1658 3599 1748 3651 curso,
1764 3591 1791 3639 et
1809 3583 1933 3640 adversa-

290 3665 415 3738 tebigstis
438 3675 466 3724 et
491 3683 545 3724 non
572 3669 762 3737 necessarium,
793 3671 849 3727 sire
874 3688 954 3727 noum
976 3673 1085 3740 iotasit,
1138 3673 1207 3727 rium
1232 3673 1381 3730 antecedet.
1402 3671 1443 3728 illi
1458 3675 1537 3729 enata
1562 3673 1608 3744 qrri
1624 3673 1808 3731 saltationibus
1830 3683 1933 3745 vacarit,

291 3758 350 3816 sire
361 3774 429 3832 apes
442 3775 520 3828 nnus,
534 3761 588 3816 imo
603 3762 683 3818 odam
696 3761 810 3834 simplex
822 3763 948 3819 salutatio
959 3780 1089 3836 magnnm·
1138 3764 1223 3821 nihilo
1236 3766 1367 3822 minorem
1383 3780 1461 3835 quam
1483 3765 1542 3833 isti,
1557 3765 1603 3822 sed
1620 3773 1648 3822 et
1661 3766 1789 3841 urajmern
1801 3781 1863 3838 erga
1876 3765 1934 3824 iilos

289 3852 368 3908 nobis
392 3853 502 3924 pelagus
528 3853 616 3923 sperit
630 3851 835 3911 sententiarum.
847 3855 916 3925 Quid
930 3855 1002 3922 dico,
1018 3857 1085 3912 sim·
1138 3856 1183 3927 qui
1197 3855 1224 3912 iu
1240 3855 1351 3910 theatris
1377 3856 1503 3911 indecore
1518 3871 1548 3912 se
1562 3867 1668 3927 gerunt,
1688 3857 1817 3912 insaniam
1833 3873 1887 3928 prro
1906 3871 1934 3912 so

288 3943 350 4015 ples
363 3944 507 4001 salutatio?
518 3943 597 4016 Saepe
613 3945 656 4001 vel
682 3946 766 4002 litere
781 3945 860 4003 unios
881 3948 1000 4004 accessio
1014 3948 1085 4006 iate·
1137 3946 1235 4014 lerunt,
1261 3949 1357 4004 ruituros
1381 3947 1442 4005 dico
1467 3959 1501 4030 et⁸
1519 3947 1707 4018 saltatriculae,
1725 3949 1788 4006 dum
1807 3960 1933 4022 otgerus

288 4049 366 4106 grum
388 4051 483 4109 agmen
506 4037 701 4095 sententiarum
724 4038 838 4094 invexit.
866 4039 954 4112 Atque
975 4039 1027 4096 hoc
1056 4039 1084 4096 ia
1136 4042 1295 4113 ipsammet
1313 4043 1426 4114 patriam
1449 4051 1476 4098 et
1497 4041 1682 4099 educationem
1707 4055 1735 4099 et
1761 4044 1812 4100 alia
1839 4055 1933 4102 cuncm

289 4128 398 4184 neruiue
410 4126 527 4184 Abrabae
542 4127 716 4185 viderelicet.
730 4131 772 4185 An
786 4131 923 4187 nonenim
937 4131 1084 4189 absurdum
1136 4144 1370 4194 commemorant:
1385 4151 1436 4192 nos
1448 4143 1536 4191 autem
1561 4137 1583 4192 si
1598 4137 1802 4208 interrogemur,
1822 4149 1884 4210 quot
1907 4148 1934 4195 et

288 4227 330 4274 est
340 4232 402 4275 eum
416 4218 536 4289 quidem,
551 4219 596 4290 qui
609 4220 748 4290 epistolam
771 4221 906 4293 acceperit
926 4224 959 4277 ab
983 4225 1082 4293 amico,
1135 4245 1195 4301 qrrae
1208 4229 1283 4286 Pauli
1294 4231 1348 4283 sint
1358 4228 1490 4300 epistolae,
1506 4244 1539 4284 ne
1552 4245 1693 4286 numerum
1708 4229 1815 4300 quidem
1832 4231 1933 4288 scimus

289 4323 451 4379 noncorpus
465 4318 568 4366 tantum
580 4311 701 4382 epistola
714 4313 815 4385 legere,
829 4314 877 4371 sed
889 4315 970 4371 etiam
983 4315 1010 4370 in
1030 4318 1083 4372 ltne
1135 4320 1296 4393 exprimere.
1313 4319 1423 4388 Quodsi
1438 4319 1492 4376 sint
1507 4319 1627 4377 norrnulli
1636 4323 1680 4393 qui
1692 4337 1833 4400 rrunreruru
1848 4339 1932 4380 nore·

288 4401 403 4472 positam
416 4401 613 4471 salutationem,
628 4414 708 4476 atque
724 4405 785 4462 inde
807 4408 924 4464 maximo
943 4409 1083 4480 scriptoris
1134 4419 1197 4478 rint,
1211 4429 1332 4484 qrrauaru
1349 4423 1439 4469 tarrrea
1463 4414 1544 4470 urbes
1558 4413 1685 4484 epistolas
1712 4418 1875 4486 acceperint,
1908 4420 1931 4474 si

287 4491 410 4548 adactum
424 4493 574 4566 eorrjicerc,
589 4510 649 4553 cnm
665 4511 730 4552 rere
743 4499 842 4554 scribat
857 4499 964 4568 Paulus,
977 4501 1018 4555 vel
1032 4516 1081 4572 po·
1135 4505 1340 4576 interrogentur,
1358 4503 1420 4577 qnid
1434 4505 1468 4560 sit
1492 4505 1708 4576 respondendam
1732 4507 1865 4578 ignorant.
1884 4510 1931 4567 bt·

278 4584 404 4664 ,huenen
416 4587 524 4656 Paulas,
538 4588 587 4646 sed
609 4589 723 4661 Spiritus
744 4592 830 4662 gratia
843 4591 927 4648 dictet
939 4593 1081 4664 epistolam
1133 4612 1186 4668 que
1201 4597 1281 4652 ironro
1305 4596 1412 4668 quidem
1426 4597 1564 4653 cnrrncbns
1587 4607 1615 4653 et
1632 4597 1763 4655 barbarus
1784 4601 1930 4658 innumeris

285 4679 320 4735 ad
338 4677 468 4752 integram
482 4679 617 4738 cirimtem
643 4692 789 4738 actantum
817 4684 953 4754 populum,
981 4695 1009 4741 et
1032 4701 1081 4756 per
1132 4691 1204 4746 curis
1235 4691 1402 4761 negotiisque
1427 4690 1571 4745 distraetus
1597 4691 1764 4758 innumeris,
1792 4693 1827 4748 ita
1855 4693 1931 4750 libris

286 4772 558 4829 illosorbiterrarunt
582 4773 719 4842 universo,
734 4788 965 4846 superuacaneum
979 4777 1079 4849 aliquid
1131 4783 1226 4840 allisus
1245 4793 1314 4850 erat,
1342 4793 1370 4838 ut
1392 4798 1426 4838 ne
1449 4781 1553 4838 itineris
1571 4783 1678 4855 atridem
1703 4795 1824 4854 tempore
1845 4785 1930 4842 inter·
2017 4778 2023 4788 '

285 4867 499 4939 carcanensem
514 4881 547 4923 ea
561 4875 634 4934 sunt,
649 4868 775 4924 arbitrari
798 4885 884 4940 eaque
898 4870 1080 4943 perfunctorie
1131 4879 1291 4950 qrricsceret,
1305 4877 1352 4932 sed
1366 4877 1392 4932 in
1413 4893 1496 4933 curru
1525 4876 1620 4933 sedeas
1644 4877 1799 4948 diligentem
1820 4878 1928 4936 lectioni

284 4973 451 5029 percurrere,
466 4960 683 5031 nequecogitarc
710 4958 779 5018 banc
805 4961 840 5018 ob
861 4977 969 5020 causam
988 4967 1078 5022 omnia
1131 4971 1276 5041 Scriptura
1304 4985 1413 5041 operans
1440 4969 1517 5026 daret
1541 4970 1616 5042 (Act.
1636 4969 1664 5025 8.
1685 4971 1731 5025 27.
1752 4971 1840 5044 segg.)
1857 4989 1865 5026 ε
1880 4988 1931 5029 nos

282 5051 485 5122 susquedeque
507 5051 595 5108 nertii
610 5051 665 5108 iioe
687 5055 759 5109 enim
773 5064 822 5120 est,
838 5056 889 5111 hoc
900 5057 990 5128 plane,
1005 5058 1077 5131 qnod
1130 5073 1219 5120 autem
1239 5063 1283 5134 qui
1300 5077 1333 5118 ae
1345 5062 1453 5118 minima
1467 5063 1574 5134 quidem
1590 5072 1665 5132 parte
1685 5063 1756 5118 illius
1775 5065 1930 5135 occupatio-

283 5157 407 5216 magnsm
422 5142 610 5215 negligentiam
623 5143 701 5200 nolris
723 5159 755 5201 ac
777 5157 912 5218 torporem
928 5150 1075 5221 ingenerat,
1129 5167 1193 5210 aum
1209 5167 1344 5223 urgemur,
1356 5151 1398 5208 uel
1412 5153 1476 5223 ipsis
1489 5153 1641 5208 noraiailrus
1653 5153 1827 5223 epistolarum
1840 5163 1929 5210 terre-

280 5237 352 5307 quod
367 5252 421 5293 non
445 5251 539 5292 ornnes
560 5235 712 5308 Scripturas
732 5240 862 5311 legamus,
886 5242 933 5298 sed
961 5258 992 5299 ea
1016 5258 1077 5314 qnae
1127 5260 1198 5310 mur,
1213 5242 1292 5315 idque
1308 5258 1368 5299 cum
1389 5243 1499 5314 siugulis
1513 5243 1608 5299 diebus
1622 5243 1763 5299 dominicis
1783 5244 1848 5300 buc·
1861 5260 1931 5302 eou-

283 5343 425 5385 censemus
447 5327 603 5400 dilucidiora
626 5332 781 5405 seligamtrs,
796 5344 956 5391 ceterorum
976 5334 1076 5390 trullam
1127 5335 1279 5402 veniamus,
1303 5343 1329 5390 et
1351 5335 1434 5391 sacris
1450 5333 1609 5390 lectionibus
1622 5332 1763 5390 audiendis
1786 5348 1926 5392 remmus.

280 5422 412 5478 rationem
437 5417 593 5478 habeamus.
609 5423 666 5481 lice
679 5425 758 5481 etiam
786 5425 904 5482 hareses
917 5427 1072 5496 introdusit,
1128 5427 1226 5484 Veram
1246 5428 1317 5484 enim
1341 5441 1407 5483 vero
1420 5443 1454 5482 no
1468 5427 1496 5482 in
1514 5427 1597 5482 solam
1613 5425 1850 5497 reprehensionem
1865 5443 1929 5485 ser·
1954 5473 1961 5498 ,

229 5577 233 5582 ,
278 5514 351 5588 qarod
365 5523 450 5572 totum
463 5531 561 5589 corpus
581 5517 696 5574 nolimus
718 5519 865 5591 perlegere,
891 5520 1074 5592 quodquesn·
1126 5537 1233 5579 mouem
1256 5519 1453 5592 impendamus,
1479 5535 1528 5593 age
1554 5520 1741 5578 salutationem
1754 5522 1851 5592 ipsam,
1866 5537 1930 5595 quar

279 5607 409 5679 perdrmm
437 5609 536 5682 aliquid
561 5625 622 5668 esse
641 5613 783 5684 ruinasque
807 5613 987 5670 necessarium
1001 5617 1073 5673 arlai-
1125 5627 1323 5687 supervacanea
1337 5613 1443 5668 videtur
1456 5625 1515 5668 esse
1536 5622 1617 5684 atque
1636 5611 1798 5682 importuna,
1823 5614 1849 5669 in
1865 5628 1929 5670 rne-

279 5707 390 5757 tsemur.
405 5701 550 5773 Propterea
565 5704 652 5761 aosin
666 5703 836 5777 aliaguidem
851 5706 940 5762 narnia
956 5707 1073 5766 studium
1124 5707 1198 5765 diurn
1220 5706 1393 5763 adducamus.
1420 5703 1447 5762 st
1475 5707 1546 5762 euim
1572 5705 1731 5778 explicetur,
1763 5714 1792 5763 et
1822 5707 1930 5764 utilitas

278 5805 359 5850 otnnc
372 5791 552 5862 oonlerimos,
573 5811 626 5854 nen
640 5795 667 5852 ia
690 5797 824 5871 snperllua
839 5803 952 5872 tantum,
974 5801 1021 5860 sed
1044 5813 1072 5862 et
1125 5802 1292 5868 ostendatur,
1307 5815 1386 5872 qoam
1399 5800 1468 5874 parit
1484 5799 1526 5872 iis,
1537 5801 1582 5874 qni
1595 5800 1930 5873 diligenterstteaderint,
1960 5787 1976 5867 ’ῗ
