4142 6342
153 368 205 429 537
540 356 547 365 '
638 352 797 414 euectus
817 350 986 411 intumult
1005 352 1074 413 hou
1092 352 1315 426 saumarius.
1331 360 1344 370 ’
1744 356 1799 425 58

151 486 277 551 orabant,
292 476 476 553 uituperarlm,
491 488 542 533 uec
556 473 638 531 ullum
652 482 741 561 umen
752 486 844 530 eorum
857 468 944 542 palam
1005 484 1054 526 vos
1073 472 1200 531 hesterno
1221 476 1265 536 die
1287 476 1322 535 de
1341 476 1472 535 orationis
1491 473 1600 537 uirtute.
1621 472 1800 553 ostendique

111 583 123 654 i,
152 578 256 637 nonni.
271 576 409 648 Quotquot
423 570 505 643 igitur
522 566 620 625 conscii
639 565 748 623 luerunt
763 578 819 621 sua
833 562 947 635 diligen·
1006 576 1085 637 pacto
1100 576 1156 624 tum
1170 581 1300 641 temporis
1313 572 1455 641 diabolus,
1479 580 1510 629 ut
1530 564 1740 643 marleiensem,
1755 576 1800 631 hr-

115 660 122 675 '
152 676 216 744 tiae,
240 670 345 731 laudem
370 664 499 725 orationis
511 668 683 735 exceperunt,
706 666 734 715 et
749 656 872 715 laudibus
886 656 946 713 dili·
1005 658 1088 715 sidias
1110 661 1286 719 asennaeum
1305 667 1378 739 enim
1396 667 1542 724 niaximum
1562 667 1639 724 nour,
1651 669 1753 725 ruffum
1766 682 1803 725 Β

153 768 291 843 gentiorss
309 771 372 821 sunt
386 756 528 831 laetisqul
543 770 607 814 reno
620 752 789 812 succenseri
810 750 947 824 negligen-
1005 755 1128 814 oratione
1153 766 1247 815 cernat
1271 758 1418 831 obvenire,
1442 772 1506 821 tune
1529 762 1646 821 maritam
1672 764 1803 835 impetum

153 864 199 919 tia
212 863 338 926 furunt.
361 868 455 912 rumas
469 849 706 929 reprehensionem
727 852 908 917 exuerunt.
922 849 949 899 et
1005 848 1317 910 eramusmaerore
1335 870 1385 913 nas
1403 856 1506 928 prava,
1527 865 1559 914 ur
1575 856 1804 914 incatenantur

155 956 286 1015 desidiam
299 956 485 1011 cucumerum.
501 946 692 1004 Verumtamen
704 956 791 1015 neque
808 940 835 996 ht
848 940 946 1006 nohis,
1005 958 1057 1001 nos
1078 943 1187 1001 domum
1209 946 1339 1003 remittat.
1354 948 1389 1004 Et
1401 949 1627 1021 quemadmodum
1641 950 1722 1023 *apud
1746 966 1805 1006 ma·

155 1064 244 1123 aeque
266 1047 304 1103 illi
323 1051 387 1103 sunt
407 1042 479 1109 noti,
502 1048 582 1112 atque
603 1039 661 1108 lupae
679 1035 826 1109 ignorantia
841 1032 950 1106 prodest
1006 1038 1154 1108 gistratus,
1169 1038 1193 1095 ai
1207 1036 1278 1096 iorte
1290 1039 1438 1109 satellites,
1453 1051 1481 1100 et
1492 1043 1537 1114 qui
1550 1043 1720 1117 magistratus
1733 1042 1805 1100 latas

71 1170 76 1181 .
153 1144 284 1214 utrisque.
311 1138 370 1206 Quo
398 1142 476 1207 paeto
500 1132 526 1190 id
550 1131 606 1198 ilat,
629 1144 772 1201 exponam.
785 1127 836 1195 Qui
856 1124 949 1181 laudes
1007 1130 1127 1203 stipant,
1146 1122 1349 1207 eosquiips'om
1362 1137 1543 1207 conveniunt,
1558 1138 1622 1195 odio
1636 1152 1806 1211 prosequan-

153 1235 285 1294 orationis
307 1230 428 1299 audivit,
450 1236 479 1286 et
498 1240 555 1283 suae
566 1224 710 1297 diligentiae
721 1224 912 1286 consciusest,
926 1217 950 1274 si
1006 1232 1061 1292 rur,
1075 1226 1157 1299 qma,
1170 1228 1264 1299 mul
1276 1236 1369 1286 „cem
1382 1230 1455 1299 mos,
1469 1238 1550 1303 ,tque
1561 1232 1692 1291 medere
1703 1239 1804 1301 mm,

153 1328 257 1387 multos
268 1325 381 1382 haberet
391 1321 500 1381 laudum
514 1326 615 1387 testes,
631 1318 660 1375 in
671 1316 824 1390 snperbiam
847 1312 950 1370 labere-
1007 1326 1036 1377 et
1048 1320 1189 1390 conqueri,
1204 1321 1317 1394 eiusque
1328 1322 1502 1381 elementiam
1512 1325 1630 1397 experiri
1645 1344 1653 1382 ι
1668 1327 1708 1385 ste
1723 1327 1806 1384 namq.

92 1495 95 1502 .
155 1433 200 1479 rui
213 1422 288 1492 :iem
302 1406 845 1481 verolamiaeramexapremauomm
858 1414 951 1465 aaa.
1006 1430 1068 1473 ram
1084 1423 1113 1471 a
1126 1414 1249 1473 stamius
1262 1417 1668 1490 consentanearum
1681 1419 1807 1479 tamnes

155 1518 257 1573 tatione
270 1523 312 1569 est
324 1510 460 1568 immunis.
475 1508 579 1581 llqrsus
600 1506 623 1562 is
645 1504 691 1577 qui
703 1504 754 1561 sibi
767 1502 892 1561 conscius
910 1508 952 1560 est
1008 1508 1116 1579 tiderlt,
1128 1509 1222 1583 procul
1234 1521 1309 1569 arcet
1320 1527 1374 1569 non
1388 1514 1472 1587 uirga,
1487 1512 1536 1571 sed
1545 1512 1714 1587 negligentis,
1728 1514 1809 1572 Nm

155 1608 338 1685 negligentiae,
354 1607 417 1664 dum
432 1602 656 1676 vituperationem
677 1598 764 1665 audit,
781 1598 832 1655 hae
844 1598 952 1669 uitupe-
1007 1604 1117 1678 quippe,
1129 1606 1214 1679 probe
1224 1608 1309 1678 norit,
1322 1609 1346 1665 si
1356 1608 1460 1681 ppoqqp
1472 1608 1620 1683 equesque
1630 1609 1806 1679 amsani,

156 1703 263 1761 ratione
277 1699 307 1756 lit
323 1698 429 1766 melior,
445 1710 506 1753 eum
518 1694 653 1751 neminem
666 1706 722 1749 sure
735 1688 953 1763 reprehensionis

158 1798 258 1855 hahent
277 1802 457 1867 spectatorem
474 1789 548 1847 :hoe
568 1803 632 1845 uero
653 1800 707 1843 non
731 1784 901 1842 mediocriter
914 1784 953 1841 illi

158 1891 279 1964 prodest.
295 1888 362 1946 Nam
377 1900 438 1945 cnm
449 1883 520 1956 rulgl
534 1880 727 1940 existimationi
741 1880 824 1937 simus
835 1878 951 1947 addicti,

157 1984 287 2059 quamdiu
311 1980 420 2055 quidem
442 1979 527 2035 latere
548 1990 598 2033 nos
611 1982 756 2047 putamus,
771 1974 817 2045 qui
831 1970 894 2029 maii
907 1985 955 2029 su-

157 2092 235 2147 naus,
250 2074 309 2133 deri
320 2074 445 2139 meliores
463 2071 602 2128 studemus
617 2074 780 2139 :postquam
793 2072 882 2121 autera
894 2078 955 2121 om·

157 2171 239 2228 nibus
251 2168 432 2233 innotuimus,
454 2173 483 2222 ct
504 2162 629 2220 solatium
650 2159 716 2216 illud
730 2174 764 2216 ex
776 2157 955 2215 occultatione

158 2262 335 2336 perdidimus,
347 2274 382 2317 eo
393 2257 477 2329 magis
488 2254 657 2328 impudentes
669 2268 701 2309 ae
713 2250 878 2324 negligentes
890 2264 955 2306 ers-

157 2358 259 2415 dimus.
280 2355 314 2413 Ει
335 2349 559 2427 quemadmodum
582 2362 643 2420 quas
666 2346 826 2417 deteguntur
848 2344 954 2412 ulcera,

158 2462 318 2521 semperque
327 2444 485 2519 lrigidoaeri
494 2448 675 2515 exponuntur,
684 2440 821 2497 acerbiora
831 2436 910 2494 dunt:
920 2437 957 2494 ita

158 2558 267 2615 quoque
289 2541 379 2599 anima
400 2537 504 2611 peceati
525 2549 590 2605 nea,
605 2535 628 2592 si
640 2547 731 2591 eoram
750 2532 861 2601 multis,
877 2530 912 2588 ob
925 2544 958 2588 ea

160 2652 221 2709 qun
233 2634 356 2707 deliquit,
370 2629 598 2704 reprehendatur,
614 2625 795 2699 impudentior
805 2622 903 2681 eradit.
917 2620 959 2679 Ne

161 2724 467 2800 igiturlaocnecideret,
483 2724 551 2779 elam
573 2734 623 2777 tos
639 2732 729 2776 sermm
743 2716 855 2774 tumuit.
870 2717 958 2787 Atque

160 2827 191 2876 ut
213 2817 367 2890 intelligatis
379 2814 534 2874 -admednm
553 2812 646 2869 utilem
666 2810 736 2867 hane
749 2809 880 2867 occultam
897 2820 960 2863 esse

161 2910 287 2971 medendi
310 2910 459 2978 rationem,
481 2906 572 2965 audita
593 2904 656 2979 quid
679 2904 801 2962 Christus
821 2901 911 2958 dicat:
927 2898 959 2957 Si

161 3005 299 3083 percuterit
311 3004 339 3059 air
351 3013 375 3059 ta
385 3005 464 3076 prater
478 3010 553 3067 taur,
567 2998 667 3069 corripe
680 3014 737 3053 mm
751 3004 801 3053 :et
813 3006 867 3051 non
880 2992 958 3061 dixit,

161 3096 231 3153 inter
243 3104 270 3153 te
281 3102 308 3153 et
321 3095 476 3163 ciuitatem,
491 3107 579 3165 neque
588 3092 659 3147 inter
673 3096 738 3147 teet
751 3086 877 3160 populum
890 3128 898 3155 ,
911 3084 960 3143 sed

159 3188 233 3247 Inter
256 3198 280 3245 ta
300 3197 324 3246 et
346 3188 431 3259 ipaarra
458 3188 540 3243 aniam
562 3180 817 3258 quartussis).
835 3178 876 3238 sit
900 3180 960 3237 sine

129 3305 137 3319 ·
165 3282 279 3339 testiltm
298 3280 443 3350 accusatio,
463 3279 566 3351 inquit,
582 3286 614 3334 ut
624 3276 731 3333 laellior
751 3276 786 3333 sit
807 3274 960 3331 mutatioin

162 3373 272 3431 melius.
288 3373 410 3447 llagnum
429 3387 494 3445 ergo
507 3373 606 3429 honum
619 3379 680 3437 est,
695 3354 718 3425 si
730 3382 783 3425 non
797 3368 901 3439 publice
914 3366 962 3423 liat

163 3468 326 3527 cohortatio.
353 3468 458 3526 Saldeit
476 3448 640 3524 eonseientia
652 3482 659 3519 r
671 3463 769 3521 suldeit
791 3462 961 3533 incorruptus

163 3562 210 3623 ille
222 3564 313 3638 iudea.
338 3562 397 3621 Non
421 3564 456 3619 ita
481 3572 508 3619 tu
530 3554 698 3633 peecatorem
714 3557 909 3630 reprehendis,
931 3566 960 3613 nt

163 3656 250 3730 ipsius
269 3656 432 3715 conscientia
446 3654 561 3731 (quippe
578 3652 650 3726 quod
673 3650 794 3724 asperior
809 3650 854 3706 ille
865 3650 901 3705 sit
913 3662 961 3705 ac-

163 3750 290 3825 cusator)
305 3793 312 3820 ,
328 3764 416 3823 neque
429 3748 526 3806 delicta
547 3748 606 3819 ejus
630 3745 783 3803 accuratius
805 3743 884 3799 nosti.
900 3740 961 3797 Noli

162 3861 227 3921 ergo
241 3845 339 3903 uulnus
360 3843 516 3901 uulneribus
529 3840 646 3909 addere,
661 3839 726 3896 duna
746 3846 884 3895 auctorem
897 3850 961 3906 pec·

163 3938 216 3997 eati
230 3938 362 4011 divulgas,
378 3937 426 3994 sed
438 3936 551 3994 semotis
565 3934 673 3991 arbitris
688 3930 899 3989 admonitionem
914 3928 962 3985 ad·

164 4028 266 4087 hibeto.
283 4029 340 4087 line
362 4028 441 4102 igitur
462 4041 534 4083 nune
556 4023 663 4099 quoque
680 4038 731 4079 nos
750 4022 873 4095 agimus,
891 4018 964 4091 quod

164 4122 263 4181 Paulus
283 4124 357 4196 egit,
372 4122 436 4180 dum
451 4122 510 4179 sine
525 4120 639 4178 testibus
651 4116 721 4189 apud
735 4114 890 4174 Corinthios
904 4112 963 4185 Qus

1008 1707 1036 1755 et
1048 1707 1156 1771 peccam
1171 1714 1220 1758 sua
1230 1699 1346 1758 confessi
1358 1702 1467 1772 luerint,
1478 1704 1621 1777 animaque
1629 1702 1746 1763 terrenti
1758 1704 1809 1761 de·

1008 1790 1155 1862 dererint,
1181 1782 1293 1850 multant
1316 1793 1377 1852 iilos
1403 1796 1509 1853 renim
1534 1798 1725 1871 impetraturos
1739 1798 1809 1857 :lte-

1009 1888 1108 1961 nignus
1120 1890 1192 1947 enirn
1203 1900 1245 1947 est
1257 1892 1328 1947 Deus
1344 1910 1351 1947 :
1363 1901 1442 1965 atque
1454 1894 1556 1951 ideireo
1567 1906 1737 1968 praeoocupat
1748 1898 1809 1955 illos

1009 1989 1037 2038 et
1051 1982 1086 2037 alt
1099 1980 1218 2054 alloquio
1231 1982 1349 2054 repellit,
1363 1992 1392 2040 ut
1405 1984 1472 2041 nihil
1483 2000 1579 2044 eorum
1588 2003 1649 2058 qun
1662 1988 1808 2061 postulant,

1010 2086 1220 2148 consequantur.
1235 2075 1288 2133 Sed
1303 2077 1402 2134 milites
1413 2056 1525 2150 &tidem
1538 2080 1743 2153 magistratuum
1753 2081 1812 2138 rio·

1011 2168 1100 2226 lenter
1114 2168 1176 2226 illos
1189 2179 1369 2240 summovent,
1382 2172 1429 2243 qui
1438 2173 1657 2231 eosconseniunt
1671 2174 1735 2231 :hic
1747 2188 1812 2233 reto

1012 2280 1067 2322 non
1080 2262 1135 2321 alm
1148 2264 1273 2333 aderens,
1289 2265 1337 2323 sed
1348 2282 1399 2323 atos
1410 2267 1565 2340 decipiens,
1582 2278 1609 2327 et
1627 2270 1661 2325 ad
1674 2271 1813 2343 negligen-

1013 2360 1079 2419 tiam
1099 2359 1251 2431 impellens.
1267 2357 1438 2431 Quapropter
1451 2376 1502 2417 nee
1516 2361 1594 2418 senia
1607 2360 1679 2433 digni
1694 2378 1788 2419 serratus
1802 2404 1810 2431 ,

1013 2473 1075 2514 eunt
1086 2470 1136 2512 nos
1149 2455 1223 2528 ipsos
1234 2454 1313 2513 honis
1324 2465 1421 2530 sponte
1435 2457 1581 2528 privemus.
1596 2456 1654 2514 Lus
1663 2466 1705 2514 cst
1714 2459 1813 2515 inentis

1014 2560 1044 2610 et
1056 2550 1154 2607 anima
1174 2564 1235 2608 enm
1258 2548 1348 2607 studio
1361 2547 1419 2606 lusa
1433 2549 1537 2618 oratio,
1556 2550 1601 2609 lux
1614 2549 1774 2609 inexstincta
1786 2560 1815 2609 et

1015 2645 1152 2718 perennis.
1167 2643 1313 2717 Propterea
1333 2644 1492 2702 innumeras
1504 2644 1605 2702 nostris
1617 2642 1754 2702 urentibus
1767 2660 1815 2703 eo-

1014 2742 1174 2814 gitationum
1188 2740 1283 2799 sordes
1296 2738 1396 2815 injicit,
1418 2749 1447 2798 et
1465 2755 1527 2813 quse
1550 2756 1697 2815 numquam
1710 2742 1815 2813 ragita·

1016 2835 1123 2905 rimus,
1151 2836 1211 2895 inae
1229 2836 1342 2895 collecta
1365 2844 1487 2909 tempore
1503 2836 1633 2893 orationis
1654 2836 1682 2892 in
1696 2835 1815 2893 animam

1016 2938 1137 2988 nostram
1160 2928 1287 2986 infundit.
1303 2928 1338 2985 Et
1350 2926 1578 3001 quemadmodum
1600 2927 1674 2984 renti
1694 2943 1817 3001 saepenu-

1016 3040 1093 3084 mero
1105 3038 1140 3081 ex
1153 3022 1267 3080 aduerso
1276 3023 1432 3094 ingruentes
1441 3036 1586 3079 accensum
1598 3021 1687 3094 ignem
1698 3020 1817 3078 lucernae

1016 3116 1083 3176 datu
1093 3116 1279 3174 diventilatunt
1290 3114 1463 3187 exstinguunt
1476 3132 1483 3169 :
1494 3115 1534 3171 aie
1544 3123 1571 3171 et
1580 3108 1703 3170 diabolus
1713 3126 1773 3169 curn
1788 3110 1817 3167 in

1017 3210 1097 3271 nobis
1106 3225 1248 3268 accensam
1258 3209 1388 3265 orationis
1400 3207 1535 3264 flammatu
1547 3205 1654 3274 uiderit,
1669 3202 1817 3261 innumeris

1016 3320 1068 3363 nos
1081 3302 1306 3361 sollicitudinibus
1315 3286 1451 3358 hincinde
1462 3298 1589 3372 perflatus
1600 3313 1653 3355 non
1666 3298 1740 3369 prins
1752 3295 1819 3352 sinit

1018 3400 1175 3473 quiescere,
1192 3412 1273 3470 quam
1286 3396 1375 3455 lueetn
1388 3392 1557 3453 exstinxerit.
1574 3391 1628 3449 Sed
1641 3390 1716 3463 quod
1726 3390 1765 3445 illi
1779 3390 1819 3446 la·

1018 3494 1110 3564 ciunt,
1125 3493 1171 3565 qui
1184 3493 1312 3549 lucernas
1330 3490 1391 3547 illas
1407 3489 1575 3557 accendunt,
1596 3501 1647 3543 nos
1659 3499 1766 3557 quoque
1780 3482 1820 3539 la·

1017 3589 1131 3647 ciamus.
1158 3588 1228 3659 Quid
1249 3587 1288 3643 illi
1310 3600 1375 3645 rere
1399 3586 1518 3643 laeiuutl
1541 3584 1610 3641 Cum
1630 3580 1818 3639 uehementem

1017 3684 1147 3756 ingruere
1162 3688 1273 3739 rentum
1287 3681 1396 3747 rident,
1412 3678 1539 3750 imposito
1551 3676 1635 3747 digito
1649 3674 1767 3731 lueemrae
1778 3669 1820 3727 lo·

1018 3776 1116 3833 remini
1135 3774 1243 3846 spiritui
1256 3772 1360 3830 aditum
1371 3769 1566 3828 intercludunt.
1578 3764 1714 3836 Quamdiu
1734 3758 1820 3833 siqui·

1018 3870 1081 3927 deus
1101 3867 1222 3925 exterius
1240 3866 1372 3938 impetum
1388 3863 1479 3931 saciet,
1499 3860 1627 3917 resistere
1645 3856 1818 3915 ralebiurusa

1019 3962 1067 4019 ubi
1081 3976 1146 4017 vero
1159 3959 1257 4016 menda
1270 3957 1394 4014 illi'lores
1404 3952 1609 4027 aperuerimus,
1633 3960 1660 4006 et
1680 3946 1820 4031 iniurientur

1019 4055 1093 4111 intus
1106 4051 1306 4120 admiserimus,
1322 4058 1379 4104 tum
1400 4061 1456 4104 non
1472 4044 1606 4115 amplius,
1621 4057 1657 4099 ne
1677 4039 1820 4120 aduinrotn

1019 4148 1129 4223 quidem
1143 4147 1272 4203 resistere
1286 4156 1446 4216 possumus:
1460 4139 1509 4198 sed
1518 4136 1650 4196 memoria
1661 4144 1752 4192 nostra
1767 4149 1820 4191 un·

165 4231 213 4290 lui
231 4226 357 4291 immi
371 4224 486 4273 ''lium'‘
506 4210 889 4318 ²⁰⁰⁰⁵³²¹⁰⁰⁰s⁰23¹¹d¹f⁰¹ff
909 4220 972 4315 ‘¹¹¹⁰-
1020 4242 1103 4314 dique
1124 4239 1260 4296 exstincta
1282 4248 1311 4295 ut
1329 4237 1440 4293 lucerna
1453 4233 1609 4306 iumigans,
1630 4229 1719 4286 inania
1738 4225 1822 4284 rerha

164 4320 253 4384 iiim·
269 4307 419 4382 Pffll‘m‘a
432 4312 533 4381 imm·
544 4306 724 4380 ''mi-‘imm
738 4303 792 4358 m
801 4318 829 4355 '²¹
839 4314 963 4372 'mmm
1020 4335 1086 4395 sinit
1099 4348 1130 4391 os
1142 4340 1264 4391 nostrum
1274 4329 1424 4389 edundere.
1439 4328 1536 4386 Verona
1552 4335 1582 4383 et
1594 4324 1632 4381 iili
1645 4323 1762 4380 lucernae
1775 4319 1820 4379 lo·

163 4414 188 4462 θ’
204 4402 297 4476 ΛΡΜ
309 4400 341 4478 (¹
356 4401 415 4459 θον·
430 4403 457 4459 ⁴·
471 4400 517 4474 6)·
532 4399 612 4471 ΜΨ
626 4412 679 4455 '¹⁰¹¹
690 4397 758 4469 Μ’
772 4392 965 4467 ¹¹⁰q¹¹⁶Ap⁰¹¹⁰
1020 4430 1119 4490 ramim
1141 4427 1253 4501 digitum
1274 4427 1436 4497 imponunt,
1453 4421 1492 4479 ita
1513 4434 1565 4478 nos
1584 4418 1716 4475 rationem
1734 4413 1821 4473 metati

162 4504 259 4565 ‘'²¹¹‘’
283 4496 330 4568 (μή
353 4496 480 4569 P⁰P⁰¹⁰¹¹¹
493 4494 644 4561 ‘emeram‘
660 4499 687 4548 ⁰²
698 4490 849 4552 mmm
864 4486 964 4545 ‘Hm'
988 4500 992 4509 ’
1020 4526 1211 4600 praeficiamus,
1226 4522 1345 4596 maligno
1359 4518 1465 4591 spiritui
1478 4516 1580 4573 aditum
1591 4512 1820 4580 intercludamus,

163 4598 231 4697 nm.
247 4607 256 4646 ²
270 4590 467 4697 πωπω
490 4597 578 4646 nmen
600 4585 753 4653 ‘'commi‘’
780 4590 808 4689 ft
829 4592 965 4655 umqum
1021 4640 1058 4685 ne
1081 4624 1213 4684 orationis
1236 4629 1338 4677 nostrae
1363 4615 1454 4671 lumen
1476 4612 1638 4683 exstinguat.
1663 4604 1823 4664 ueniamus

163 4683 248 4743 larris
265 4682 424 4756 qurlausdam
446 4696 498 4740 suo
524 4690 552 4739 et
570 4676 841 4787 hpollonomlnrhus
856 4688 966 4781 rectura
1021 4720 1104 4793 hujus
1122 4715 1241 4787 exempli
1261 4712 1412 4781 utriusque,
1426 4716 1455 4765 et
1466 4705 1582 4763 mmmm
1595 4703 1820 4773 ,cmgggmrug

164 4770 966 4850 rahusohtegem,laealmtemillistrmartexrilanequitia
1021 4809 1204 4873 mmm,
1227 4808 1373 4879 mmm
1396 4814 1512 4873 „mque
1536 4796 1614 4854 ,obis
1626 4796 1685 4851 ιω
1697 4790 1821 4862 exempl,

165 4868 333 4943 emergendi.¹
346 4870 381 4928 lit
394 4882 488 4927 rursus
503 4887 510 4925 :
526 4866 568 4924 lle
577 4871 643 4941 [arte
656 4880 714 4922 eam
727 4878 835 4934 amero,
849 4862 965 4918 tremiliet
1021 4907 1170 4965 'ecimus
1201 4901 1229 4957 in
1242 4897 1341 4971 quibus
1355 4908 1508 4961 „emman
1533 4892 1562 4947 ια
1585 4888 1683 4962 quiq„
1703 4897 1820 4952 gum,

1178 4945 1186 4972 ἲ

166 4981 207 5021 nae
222 4963 304 5036 Desa,
320 4976 344 5021 et
354 4966 455 5037 lugeant
464 4964 558 5021 maltos
570 4978 602 5019 es
611 4962 668 5031 iia,
681 4960 726 5034 qui
741 4969 800 5017 outa
818 4966 965 5032 peccarunt,
1024 5012 1055 5061 ω
1068 5001 1149 5060 enam
1160 5010 1222 5054 cum
1238 4993 1301 5051 him
1313 4988 1516 5052 recesserimus,
1530 4998 1562 5040 ,ο
1575 4979 1650 5039 (pomp
1664 4977 1820 5046 summus,

165 5067 189 5111 et
206 5072 258 5113 uota
272 5068 375 5131 merant
389 5059 562 5130 penitentiam
582 5072 660 5130 anper
672 5054 833 5111 immunditia
844 5062 867 5109 et
878 5056 966 5123 tmpu-

166 5147 264 5215 tiicita‘a,
276 5164 352 5221 qaam
361 5160 491 5222 pm„
500 5149 545 5223 (2,
558 5151 618 5207 (χω,
627 5146 737 5221 lMl).
749 5146 816 5203 pide
825 5158 879 5218 quo
889 5152 968 5216 pacm
1022 5112 1074 5170 lter
1084 5110 1132 5153 aas
1143 5107 1189 5151 res
1200 5102 1268 5162 quas
1280 5086 1413 5144 hahemus
1425 5098 1482 5155 pra
1493 5076 1638 5146 ιιιιιιὶιιιιι,
1652 5088 1746 5133 eorum
1759 5084 1823 5145 qu

1023 5175 1564 5249 dictasuntnohisnaemoriarelrieetur.
1802 5222 1806 5231 ,

1060 5283 1088 5341 d.
1108 5280 1234 5355 Magnana
1258 5276 1336 5333 telam
1357 5271 1479 5349 maudo.
1499 5264 1602 5323 oium
1616 5262 1753 5319 liberarem
1766 5272 1821 5314 aaa

1023 5387 1063 5437 aa
1080 5392 1155 5452 paras
1174 5371 1380 5447 perrudppsuna
1399 5378 1506 5421 waram
1527 5357 1634 5424 miran-
1655 5360 1744 5427 partua
1767 5358 1823 5407 ata·

167 5238 307 5300 ludednite
321 5242 394 5299 dieat
406 5256 454 5299 eoa
468 5244 513 5314 qui
528 5250 692 5315 peccarunt,
707 5254 742 5297 ne
760 5239 784 5295 si
798 5235 967 5293 manilestam

167 5332 366 5391 accusationem
376 5333 539 5403 institueret,
552 5331 743 5405 impudentiam
754 5338 864 5400 angeret
873 5340 968 5383 eorum

167 5427 267 5485 mimas
280 5426 326 5499 qui
339 5434 493 5499 peccarant.
510 5424 602 5497 ltaque
614 5425 684 5482 sieut
696 5436 745 5479 nos
758 5427 831 5478 ιιιιιι
844 5418 969 5475 cautione

167 5518 395 5593 reprehensiones
409 5518 540 5585 iacimus,
555 5520 614 5585 sie,
629 5516 778 5583 admoneo,
792 5524 820 5571 et
832 5522 883 5567 ros
895 5510 968 5566 omni

167 5628 228 5671 eum
243 5614 333 5671 studio
344 5612 561 5671 emendationem
569 5607 727 5679 admittatis,
741 5622 773 5664 ae
782 5606 924 5679 diligenter
936 5602 969 5659 iis

166 5720 227 5779 qua
240 5708 376 5775 dicuntur,
390 5705 543 5763 attendatis.

195 5800 233 5857 ·5.
254 5799 322 5856 Tam
342 5800 472 5873 ριιειίριι
488 5813 535 5853 noa
548 5806 621 5853 asaal
643 5795 742 5851 dtamen
755 5833 763 5862 ,
777 5808 834 5849 eant
846 5804 969 5857 arnmatp

169 5893 295 5964 monade
317 5891 428 5947 demoni
450 5888 674 5947 resistendam.-·
689 5886 869 5945 liisseruimus
895 5882 966 5954 apud

287 5986 321 6057 ti.
342 5990 432 6053 loun.
454 5985 633 6051 Cunusosu.
654 5982 708 6046 lll.

1023 5571 1131 5621 matura
1152 5559 1256 5626 oratio,
1281 5564 1408 5626 magnum
1429 5544 1595 5620 presidium.
1620 5537 1741 5598 sedistis
1762 5530 1824 5590 lteri

1023 5672 1078 5731 qua
1097 5662 1177 5730 paeto
1198 5660 1254 5709 tres
1269 5646 1345 5720 pueri
1364 5640 1447 5699 uincti
1467 5641 1598 5711 impeturn
1619 5631 1689 5705 ignis
1711 5640 1822 5699 repres-

1023 5755 1129 5821 serint,
1146 5764 1201 5824 quo
1229 5751 1308 5818 pacto
1337 5739 1475 5795 dammam
1502 5729 1723 5799 calearint,quo
1745 5726 1825 5807 mato

1023 5848 1163 5907 lornaeem
1185 5834 1382 5921 superaverint,
1396 5847 1451 5907 quo
1465 5834 1545 5905 paeto
1557 5826 1686 5883 uirtutem
1704 5818 1824 5879 elematt·

1507 5945 1663 6031 (Dosse)

1022 5471 1080 5528 riit‘a
1104 5477 1194 5543 partas
1219 5462 1325 5536 aigiaia
1349 5459 1429 5531 dmm
1448 5454 1521 5527 lacit
1536 5480 1573 5497 ·-·
1592 5448 1687 5519 lingua
1711 5451 1755 5500 ast
1777 5456 1824 5498 aa·
1922 5484 1930 5503 ,
