4142 6342
2013 10 2018 141 l

139 575 193 633 bet.
208 573 273 633 liare
287 580 377 633 auum
390 572 459 641 dixi,
477 581 508 630 ut
527 573 586 632 sire
599 573 761 641 scribamus,
776 573 932 633 sircam·
981 588 1129 647 aquaque
1141 574 1233 631 initia
1246 574 1436 635 suadem
1458 580 1658 655 mm
1673 600 1790 673 με

138 686 210 741 mars,
224 670 347 729 eamdem
360 670 396 729 de
408 678 499 728 nostra
511 684 636 743 erqaros
647 670 760 728 caritate
772 669 931 727 sententiam
981 669 1039 726 rior
1052 669 1176 742 quiddam
1195 672 1310 743 ampliss
1322 694 1331 731 :
1345 679 1444 751 quippe
1458 694 1513 740 n
1534 685 1613 740 rufi
1630 688 1770 754 Q

139 763 309 823 timasius
320 764 404 833 enim,
419 780 589 839 quocumque
599 765 626 821 in
640 763 702 823 loco
712 764 806 830 sinsus,
821 762 932 820 incisam
982 768 1046 822 tua.
1059 762 1107 818 sed
1124 762 1206 819 uhtu
1218 766 1345 838 seriu-
1358 776 1433 825 tn
1444 774 1522 831 ηδ’.
1532 775 1684 851 ως
1695 787 1770 857 „q

140 857 167 914 in
186 856 277 914 animo
298 864 393 915 nostro
413 857 497 914 vestri
521 853 684 915 memoriam
706 855 932 917 circumierimns.
984 854 1090 926 went
1102 855 1263 928 νοΙιιμυιαι
1276 863 1357 918 etia·
1373 864 1451 921 niis
1461 870 1537 925 auxit
1548 887 1557 924 ε
1569 876 1703 932 καί·
1717 878 1771 937 isr-

139 948 179 1006 de
199 964 271 1006 uuae
282 947 392 1021 quidem
406 950 543 1023 ingentem
567 951 644 1008 robis
657 952 770 1024 qratiam
791 951 933 1020 babemus,
986 946 1076 1004 ambs
1089 944 1228 1007 dumtaxat
1246 966 1279 1009 ae
1295 954 1409 1013 wara
1420 958 1518 1017 uin
1536 972 1606 1027 tu.
1623 964 1673 1025 ssd
1688 969 1772 1031 stix.

139 1041 211 1114 quod
224 1042 337 1115 probum
350 1043 512 1113 morracium
522 1058 583 1100 eunt
595 1060 639 1113 ea,
652 1060 737 1117 quaen
751 1043 829 1103 robis
840 1053 935 1117 postu·
985 1038 1094 1111 insnum
1107 1056 1202 1099 manns
1217 1045 1358 1119 imagine·
1375 1054 1573 1123 mcxi-u.
1591 1056 1681 1127 Qun
1691 1077 1772 1134 μ

139 1140 255 1209 labatur,
280 1140 468 1199 benevolentia
493 1141 661 1213 suscepistis,
680 1156 792 1215 cosque,
814 1142 860 1215 qni
881 1141 934 1198 lm·
985 1132 1134 1205 unledane
1150 1135 1177 1191 id
1191 1136 1272 1195 iacias
1283 1183 1292 1206 ,
1305 1157 1464 1213 quamne
1476 1148 1601 1207 sabain
1613 1151 1774 1228 itu-pq
1873 1218 1883 1229 ι

139 1241 257 1304 portuno
275 1233 405 1291 adsersus
428 1249 490 1290 eum
514 1234 597 1290 rixari
626 1233 790 1305 cupiebant,
814 1232 935 1291 mitiores
986 1228 1066 1285 nobis
1086 1227 1137 1285 bac
1157 1244 1262 1303 quoqne
1278 1234 1380 1296 radus
1397 1242 1572 1312 maarai,
1596 1246 1700 1317 m
1719 1250 1774 1306 ·..

139 1326 306 1385 reddidistis.
320 1328 409 1396 Quare
428 1343 482 1384 non
499 1326 617 1395 trustra,
633 1342 685 1385 nec
699 1325 826 1384 adulandi
845 1326 935 1384 studio
986 1322 1097 1396 pentes.
1122 1322 1179 1381 lluc
1190 1326 1262 1381 enlm
1277 1335 1303 1384 te
1314 1328 1419 1389 trabeae
1429 1336 1539 1393 nhc
1551 1336 1608 1409 j-
1625 1338 1774 1401 un:

138 1419 204 1476 illud
219 1419 352 1486 dicebam,
365 1434 424 1487 ros,
438 1421 544 1477 etiamsi
559 1419 693 1477 innumeri
708 1420 827 1492 undique
838 1418 935 1477 ductos
987 1424 1026 1473 tot
1041 1418 1175 1474 Armeniae
1195 1419 1264 1474 mala
1283 1427 1363 1489 sunt,
1376 1440 1410 1482 se
1426 1436 1571 1501 ιαμ..
1582 1432 1667 1492 ἡ,
1685 1439 1776 1497 ..ῃ

136 1512 306 1590 excitemur,
328 1511 355 1569 in
372 1513 566 1586 tranquillitate
582 1524 674 1573 tamen
694 1528 767 1573 esse.
786 1513 854 1572 dam
873 1528 935 1571 eum
988 1510 1105 1582 excepit.
1126 1508 1372 1585 Namquoeumqoe
1385 1520 1490 1577 tanda
1511 1525 1643 1597 ψ
1659 1532 1776 1601 μή,

134 1606 170 1661 ab
184 1604 246 1661 aliis
260 1604 399 1678 ruuiraqia
412 1606 490 1677 iacile
506 1608 685 1680 propulsetis,
700 1624 753 1664 non
767 1615 810 1664 est
823 1605 935 1664 dubium
987 1612 1115 1659 cruentos
1128 1611 1280 1673 torrentes,
1300 1606 1458 1667 eadarerun
1472 1615 1575 1685 ag-'a
1586 1662 1596 1686 ‚
1609 1620 1705 1680 ι..
1716 1626 1777 1683 ιι,

133 1697 202 1768 quin
222 1696 274 1770 ipsi
289 1698 383 1770 procul
396 1712 412 1755 a
424 1706 585 1771 tempestate
597 1700 694 1756 remoti
713 1699 783 1756 sitis.
797 1698 853 1755 llos
872 1712 936 1755 tero
987 1704 1122 1768 aequatas,
1144 1696 1225 1755 urbes
1239 1714 1346 1757 eversas
1357 1704 1508 1774 ilessltiffl·
1520 1704 1576 1765 iius
1587 1722 1696 1780 au,
1707 1725 1779 1775 u..

134 1806 220 1863 qnam
236 1792 397 1865 saepissime,
413 1808 522 1864 quaeso,
539 1792 574 1850 de
586 1800 676 1850 nestra
689 1794 760 1851 bona
780 1790 936 1849 ualetudine
988 1788 1039 1846 etsi
1063 1788 1182 1860 pericttlo
1194 1790 1272 1847 vacui
1294 1782 1355 1850 esse
1376 1793 1523 1866 uideamur,
1538 1799 1566 1856 ia
1577 1800 1630 1859 irus
1641 1806 1776 1879 psum,

88 1894 97 1914 ¹
135 1884 173 1941 ati
190 1900 241 1942 nos
252 1885 346 1943 literas
356 1886 429 1943 date.
442 1886 535 1959 licque
553 1887 625 1943 enim
641 1886 726 1957 ignari
738 1885 937 1956 estis,‚qtrarrto
989 1890 1125 1953 umquam
1139 1884 1215 1957 gravi
1229 1884 1345 1957 quodam
1358 1902 1466 1947 carcere
1479 1892 1618 1961 camini,
1640 1906 1729 1959 m
1742 1904 1780 1961 ab

133 1976 216 2034 nobis
230 1976 319 2035 studio
331 1978 366 2034 sit
378 1977 405 2035 id
418 1979 498 2038 seire.
512 1978 598 2035 'lanta
618 1978 690 2037 enirn
703 1987 857 2035 vestrarum
873 1978 936 2036 iite-
988 1975 1159 2045 quotidiaaos
1180 1987 1284 2049 metus,
1299 1978 1335 2037 ob
1352 1996 1473 2039 rumores
1488 1984 1605 2043 cudibus
1619 1990 1730 2061 μω,
1743 1996 1781 2053 a

130 2062 239 2138 rarum,
253 2084 316 2127 cttm
329 2070 435 2127 drmam
449 2081 568 2130 uestram
582 2071 765 2130 valetudinem
776 2070 855 2129 nobis
868 2086 938 2128 nun·
990 2077 1134 2141 perpetuas
1155 2070 1333 2130 isauricarurn
1354 2078 1541 2135 excursionem
1557 2088 1779 2161 “m

134 2166 217 2232 tiant,
231 2166 273 2222 ris
286 2181 319 2223 ae
341 2166 461 2225 lacnltas
474 2175 534 2236 est,
550 2176 580 2223 ot
594 2166 717 2240 quamvis
737 2174 777 2222 tot
790 2166 936 2235 aerumnis,
989 2164 1025 2220 ob
1036 2167 1159 2237 corporis
1168 2164 1284 2241 densique
1295 2168 1515 2240 imbecillimum,
1528 2190 1589 2232 cum
1600 2192 1652 2251 qm
1663 2183 1698 2238 aa
1709 2184 1783 2243 m

133 2258 226 2321 bellis.
247 2260 414 2327 tumultibus,
437 2258 702 2333 perturbationibus,
722 2257 938 2332 quotidianisque
988 2272 1076 2331 usqne
1098 2258 1168 2317 diem
1193 2261 1342 2333 luctamur,
1369 2264 1561 2334 tranquillitate
1584 2283 1617 2326 ae
1638 2274 1783 2333 κωπίω

134 2352 269 2410 mortibus
279 2354 398 2427 undique
409 2354 560 2427 cirrqamur,
575 2364 665 2411 tamen
678 2367 740 2411 cum
751 2362 792 2410 tot
804 2350 938 2426 ejusmodi
989 2350 1042 2407 inti
1066 2353 1177 2412 minime
1200 2370 1352 2427 possumus.
1377 2358 1433 2416 Sed
1453 2368 1543 2418 utnon
1557 2364 1638 2422 wara
1659 2366 1730 2426 iuter
1744 2378 1786 2429 tot

135 2444 241 2503 anobis
252 2446 382 2517 epistolas
400 2446 556 2519 decipimus,
580 2462 636 2518 pru
655 2446 754 2519 qaudio
776 2446 937 2514 volitemus,
990 2447 1061 2503 mala
1083 2462 1137 2504 nun
1158 2462 1272 2521 parvum
1292 2452 1418 2511 solatium
1442 2456 1583 2529 capimus,
1611 2474 1672 2517 cum
1693 2462 1786 2523 iiten

137 2536 342 2612 maxintamque
363 2538 427 2595 binc
444 2538 657 2597 consolationem
670 2540 827 2597 sentiamus.
840 2537 939 2610 liujus·
991 2538 1082 2597 laetum
1106 2541 1140 2598 dc
1160 2551 1204 2601 tun
1227 2542 1302 2602 lirma
1323 2547 1476 2606 ualetudine
1499 2551 1622 2610 nonnam
1644 2552 1786 2619 omrem

139 2629 215 2687 motii
227 2630 327 2704 qnippe
338 2640 382 2690 est
395 2632 519 2689 sincems
532 2648 626 2703 amor,
640 2642 672 2690 ut
686 2633 768 2690 etiam
786 2649 834 2706 per
847 2632 940 2691 literas
990 2634 1148 2707 accipimus.

140 2721 234 2781 laetum
247 2723 318 2781 bunc
331 2724 455 2782 nuntium
467 2724 624 2795 afferentes,
634 2740 683 2783 eos
695 2726 741 2798 qui
755 2740 869 2799 corporo
882 2724 938 2783 dis·

140 2813 225 2888 iuncti
235 2826 299 2875 suat
309 2816 439 2891 perfacile
451 2832 577 2877 recreem
589 2832 622 2877 ae
631 2818 744 2877 reicere
757 2818 853 2892 possit
953 2847 958 2854 ·

177 2958 227 3017 tx
233 2956 298 3017 tlt.
310 2959 440 3019 Tiecdoto
452 2961 569 3017 dimano.
580 2959 730 3034 (Arabisso,
741 2968 773 3019 ut
782 2968 903 3035 potatur,

458 3069 531 3111 anno
547 3054 623 3127 tto).

1027 2768 1132 2827 tati.
1154 2769 1264 2831 Nitoiue
1277 2775 1432 2849 preriptsro.
1447 2776 1588 2852 (erasisse
1597 2780 1751 2858 aunam.)

1027 2904 1102 2965 istud
1115 2922 1221 2983 quoquo
1231 2911 1346 2984 sincerae
1359 2922 1412 2971 tuae
1425 2928 1457 2972 ae
1471 2912 1600 2974 terrentis
1610 2917 1789 2993 manasen,

991 3000 1065 3074 quod
1076 3017 1137 3059 eum
1153 3011 1228 3060 tanto
1240 3020 1257 3061 a
1267 3005 1345 3063 nobis
1363 3007 1502 3066 interuallo
1514 3009 1625 3069 dissitus
1635 3013 1685 3083 sis,
1700 3022 1790 3075 amat

56 3151 57 3169 χ
992 3092 1026 3153 de
1046 3096 1131 3155 salute
1149 3107 1240 3156 nostra
1255 3099 1292 3157 sis
1306 3102 1447 3161 sollicitus.
1472 3103 1563 3177 Nuper
1575 3107 1683 3179 quidem
1695 3124 1791 3183 asper·

56 3239 57 3260 ,
176 3190 236 3267 ipse
257 3191 384 3266 quidem,
398 3190 668 3251 reverendissimae
685 3184 942 3266 rdtptmtsslmsmt
992 3188 1061 3246 rima
1087 3186 1178 3249 hieme
1201 3192 1261 3250 loca
1282 3194 1396 3251 subinde
1420 3207 1636 3267 commutantes,
1663 3215 1736 3260 nune
1761 3202 1791 3261 ia

138 3286 265 3356 domine,
287 3287 321 3344 iis
332 3287 428 3345 saltem
451 3288 547 3357 maiis,
561 3288 659 3360 quibus
671 3287 800 3345 Amrerria
818 3288 940 3357 laborat,
993 3283 1114 3352 urbibus
1130 3300 1202 3343 nunc
1216 3288 1242 3343 in
1256 3297 1334 3344 terrae
1348 3288 1468 3347 saucibus
1487 3299 1514 3348 et
1535 3291 1617 3365 sylvis
1632 3296 1793 3353 commorati

140 3378 288 3438 deiunctae
302 3397 332 3438 cs
343 3398 352 3439 s
365 3388 416 3437 nos
426 3389 527 3437 autem
541 3391 640 3451 prater
658 3395 707 3438 eos
727 3381 873 3451 tumultus,
887 3380 942 3438 imo
993 3392 1097 3446 stamus,
1111 3378 1146 3437 ab
1156 3377 1304 3437 isaurorum
1320 3382 1471 3440 incursibus
1480 3384 1790 3459 undecumqueexpulsi.

138 3473 313 3548 quotidianas
337 3482 440 3531 mortes
461 3488 522 3545 quac
544 3470 589 3529 bic
603 3472 703 3545 riqcnt,
724 3472 790 3530 illud
809 3488 864 3551 non
884 3473 944 3532 ml·
994 3471 1114 3530 Tandem
1128 3484 1218 3532 autem
1235 3476 1378 3547 aliqnando
1399 3476 1441 3535 iris
1455 3479 1533 3535 malis
1547 3480 1667 3537 norrrrilril
1681 3479 1791 3551 sedatis,

139 3571 247 3645 pariter
257 3569 418 3639 discruciat,
439 3569 511 3643 quod
532 3584 548 3627 a
571 3577 616 3625 tua
629 3584 737 3643 quoque
755 3569 897 3636 suauitate,
909 3582 942 3625 ac
993 3566 1056 3625 loca
1074 3567 1180 3625 deserta
1201 3569 1404 3641 relinquentes,
1429 3572 1587 3630 Arabissnm
1610 3571 1792 3645 confugimus.

138 3655 366 3723 ,muham
387 3664 572 3723 peppwqpnqq
587 3657 684 3721 qup‘qsq
700 3679 804 3722 sumpt,
820 3663 943 3722 Accessit
994 3658 1066 3730 quod
1085 3658 1209 3716 uidelicet
1229 3660 1300 3717 illins
1322 3662 1413 3735 oppidi
1433 3678 1523 3721 arcent
1545 3664 1657 3737 reliquis
1669 3664 1736 3722 locis
1749 3674 1793 3723 itt·

136 3757 225 3815 etiam
240 3756 275 3813 ad
289 3756 370 3829 bajus
388 3756 515 3815 nitereris
529 3758 667 3815 cumulum
687 3756 846 3814 diuturnum
866 3766 943 3813 taum
994 3751 1090 3809 tlorem
1105 3753 1299 3811 invenissemus
1311 3774 1318 3811 ι
1330 3771 1418 3827 neque
1428 3758 1499 3813 enim
1509 3758 1535 3813 in
1548 3757 1647 3829 oppido
1657 3757 1790 3830 degimus,
1895 3768 1899 3774 ’

136 3848 291 3906 3310„qu
304 3849 369 3905 Nam
382 3864 416 3907 θ,
427 3866 480 3921 quo
490 3850 534 3908 ,pp
546 3850 610 3906 pipp
620 3849 778 3913 dimisti,
793 3848 941 3907 mundam
995 3846 1058 3917 quia
1073 3860 1107 3901 ne
1120 3845 1146 3901 itl
1159 3846 1266 3918 quidem
1282 3858 1367 3904 tutum
1386 3858 1444 3916 est;
1467 3859 1509 3906 est
1525 3860 1614 3908 autent
1634 3851 1713 3908 nobis
1734 3851 1794 3909 itare

137 3941 215 3999 barre
228 3941 368 3999 dumtaxat
382 3941 525 4015 epistolam
539 3942 715 4013 accepimns:
735 3955 786 3998 nec
805 3928 943 3997 rero'bree
995 3938 1075 3996 sedes
1086 3938 1181 4011 quotis
1197 3954 1306 3996 carcere
1322 3939 1449 3998 deterior.
1474 3940 1576 3999 Praetor
1595 3942 1621 4000 id
1634 3944 1707 4000 onim
1720 3944 1795 4017 quod

138 4034 289 4093 accusandi
309 4040 347 4091 tui
366 4046 448 4093 causa
468 4049 662 4103 commemoro,
683 4033 731 4091 sed
750 4033 846 4091 dolore
865 4047 942 4089 eom·
995 4030 1158 4103 singulos'in
1172 4030 1245 4100 dies,
1266 4042 1295 4088 ut
1319 4031 1353 4088 ita
1375 4032 1483 4099 dicam,
1507 4050 1555 4105 pro
1579 4036 1682 4094 iuribus
1695 4038 1799 4097 nutris·
1876 4111 1879 4119 Ἰ

139 4138 246 4191 motus.
258 4127 325 4185 Natat
336 4128 408 4203 quod
420 4129 470 4186 iter
478 4127 551 4186 istud
560 4128 596 4185 ad
607 4142 656 4184 nos
663 4126 810 4185 viatoribus
820 4127 942 4183 clausum
996 4137 1071 4181 mors
1084 4132 1143 4192 est,
1170 4121 1267 4181 isauris
1282 4126 1372 4182 omnia
1385 4126 1588 4197 invadentibus,
1603 4138 1684 4202 atque
1695 4128 1749 4204 iqnl
1766 4142 1796 4191 et

140 4220 193 4288 sit,
206 4220 345 4279 neminem
358 4219 447 4293 iuqit:
461 4236 556 4277 vemm
570 4230 601 4278 ut
611 4220 664 4277 boc
678 4219 726 4277 tibi
740 4220 942 4277 excusationem
997 4217 1069 4274 ierru
1082 4224 1137 4273 tum
1152 4230 1285 4289 corpora,
1310 4226 1365 4275 tum
1381 4220 1494 4277 adtttcia
1509 4220 1678 4289 delentibus,
1692 4222 1795 4283 tamem

141 4314 235 4390 affert,
251 4316 288 4373 ita
303 4330 354 4373 nos
373 4330 429 4372 non
442 4314 556 4388 perinde
578 4315 751 4383 corrsolatur;
767 4315 830 4387 quin
853 4312 944 4385 potius
997 4308 1097 4378 edam,
1117 4324 1197 4382 quam
1212 4310 1264 4367 loci
1285 4312 1406 4384 angustia
1419 4320 1446 4369 et
1463 4326 1556 4370 eorum
1571 4313 1616 4386 qni
1636 4313 1689 4373 buc
1700 4316 1796 4375 contu

141 4409 199 4467 troc
213 4408 273 4481 ipso
285 4424 393 4480 quoque
410 4409 520 4465 nomine
532 4406 702 4480 potissimum
715 4406 856 4479 angimur,
871 4403 944 4478 quod
997 4400 1074 4473 giunt
1093 4401 1234 4460 multitudo
1251 4403 1385 4471 minatur,
1412 4406 1636 4478 pertimescimus.
1662 4410 1702 4467 lle
1726 4424 1796 4483 pre·

141 4519 178 4564 ω
192 4503 450 4577 qnoqusdtgrossus
463 4499 942 4575 taiatqueabsentiaconsoiatione,
998 4503 1072 4553 terea
1085 4495 1213 4554 diuturno
1227 4496 1339 4567 morbo,
1353 4512 1433 4570 quem
1453 4499 1531 4557 nobis
1551 4499 1637 4559 lriems
1651 4512 1679 4560 et
1693 4517 1792 4578 perpe·
1884 4554 1888 4565 .

147 4612 212 4669 qum
227 4598 305 4653 unica
319 4596 398 4654 nobis
410 4604 480 4665 erat,
494 4610 627 4653 mremus.
641 4594 772 4664 Quoniam
792 4594 873 4665 iqitur
885 4592 945 4649 baec
999 4597 1044 4646 tua
1053 4588 1113 4663 lrrqa
1123 4590 1237 4664 peperit,
1252 4589 1396 4648 conflictati
1408 4633 1416 4661 ,
1431 4591 1480 4648 etsi
1491 4593 1546 4649 rim
1557 4592 1641 4665 ipsius
1650 4595 1793 4654 etacorbi·

145 4688 292 4747 minoritas
314 4690 342 4747 in
364 4690 508 4763 procoma
531 4689 629 4747 discuti
652 4704 706 4746 non
727 4696 827 4760 potest,
850 4702 944 4743 rerum
1000 4691 1080 4741 tatem
1095 4700 1167 4742 nnnc
1181 4684 1338 4757 eduqimus,
1351 4686 1495 4743 nonnullas
1507 4695 1597 4745 tamen
1609 4687 1697 4745 aditae
1712 4688 1795 4761 ipsius

146 4783 269 4856 pericula
290 4784 410 4856 quotidie
434 4784 642 4857 immisceant,
664 4781 746 4839 velim
765 4781 818 4836 alia
842 4780 946 4837 mdone
999 4776 1128 4849 reliquias
1140 4774 1366 4834 circumferimus.
1385 4776 1438 4835 Sed
1451 4794 1612 4851 quamquam
1624 4779 1651 4835 in
1665 4787 1704 4837 tot
1717 4782 1796 4838 maiis

147 4877 306 4935 mmmm
328 4893 407 4947 eam,
431 4892 512 4950 quam
531 4892 566 4934 e,
584 4876 665 4947 10⁰3„
688 4883 735 4930 ppo
756 4872 864 4931 spemn)
880 4887 947 4929 con·
1000 4881 1033 4924 ac
1046 4870 1127 4925 tantis
1137 4867 1269 4925 molestiis
1279 4882 1432 4937 tersarnur,
1448 4884 1572 4942 magnam
1588 4879 1675 4927 tanuen
1691 4884 1725 4928 ex
1740 4871 1796 4929 ier·

148 4970 298 5037 traximus,
309 4969 482 5029 minuendam
492 4984 592 5036 cures,
604 4967 732 5025 trimirum
746 4976 775 5023 ut
791 4966 877 5023 nostri
889 4980 947 5023 me·
1001 4960 1075 5019 renti
1087 4970 1177 5018 restra
1191 4970 1218 5017 et
1232 4960 1336 5018 sincera
1349 4970 1429 5035 atque
1448 4962 1581 5032 constalrti
1598 4963 1710 5021 caritate
1727 4974 1796 5021 cttn⁴

148 5064 265 5120 moriam
279 5081 424 5137 numquam
442 5063 616 5131 intermittas,
631 5071 660 5119 et
680 5077 743 5119 cum
755 5060 790 5117 ad
810 5074 861 5117 nos
880 5060 948 5116 scri·
1001 5052 1161 5109 ⁸0¹2110n0¹¹¹
1174 5052 1304 5125 ‘illimuss-
1326 5051 1392 5122 0¹¹ae
1404 5067 1464 5110 ⁰¹¹¹ss
1475 5054 1574 5122 sciatis,
1588 5068 1634 5122 ¹¹01
1646 5066 1749 5125 (lum,
1763 5056 1799 5111 (¹0

149 5152 361 5226 pss‚10pptorps
381 5157 511 5230 spissatas
532 5156 725 5227 tactam-atque
744 5153 771 5209 in
787 5152 947 5225 exponendo
1002 5158 1092 5203 restra
1106 5148 1221 5204 sanitate
1233 5162 1313 5221 quam
1329 5148 1476 5220 sepissime
1494 5146 1527 5202 ad
1542 5160 1593 5205 nos
1606 5148 1725 5230 seribere
1736 5162 1800 5223 qra-

149 5245 316 5305 taletudinis
342 5256 395 5304 tute
420 5257 508 5314 statu,
537 5249 674 5319 animique
700 5245 894 5317 tranquillitate
918 5252 948 5301 et
1004 5237 1113 5295 remini·
1136 5237 1348 5307 Quamtlsenim
1372 5238 1561 5294 ¹³⁰¹00V⁰b5⁸
1581 5240 1669 5309 ὓΡθῑῑθ
1683 5240 1796 5300 ‘filesta‘

135 5340 297 5399 'securitate
315 5354 419 5397 moram
435 5340 535 5397 mattas.
558 5338 605 5396 Sic
623 5337 711 5404 enim,
725 5337 797 5409 quod
820 5336 899 5392 nobis
913 5350 949 5391 ex
1005 5346 1088 5387 mur:
1103 5330 1254 5389 arctissimo
1275 5342 1364 5387 tanton
1387 5330 1507 5386 caritatis
1530 5331 1638 5388 vinculo
1660 5332 1828 5403 roliscutnt
1896 5333 1899 5343 '

149 5433 449 5507 tempestuosarum
467 5432 642 5506 epistolarum
663 5429 829 5503 longitudine
847 5429 950 5487 sarcire
1005 5425 1122 5484 deuincti
1145 5440 1248 5483 sumus.
1277 5424 1335 5481 'libi
1353 5438 1417 5479 vcro
1436 5424 1571 5495 ingentem
1591 5426 1702 5495 qratiam
1719 5426 1801 5484 tabc-

145 5528 265 5601 ψῃ,
1005 5534 1085 5587 mrrs,
1108 5520 1179 5593 quod
1206 5534 1267 5575 cnm
1288 5518 1315 5573 in
1340 5524 1379 5571 tot
1403 5516 1537 5589 tantisque
1557 5517 1800 5588 perturbationibus

409 5667 513 5728 ..
535 5668 757 5746 mm
770 5665 848 5739 m
936 5701 1802 5781 ιο

190 5811 220 5870 ld
234 5828 343 5888 qnoque
356 5820 504 5882 mamm,
518 5809 572 5868 boe
581 5808 749 5868 estbominis
763 5806 952 5880 acritcratque
1005 5819 1041 5861 ne
1062 5802 1140 5860 nobis
1163 5799 1188 5857 id
1208 5798 1360 5871 signiticare
1383 5798 1507 5872 piqreris.
1528 5796 1578 5855 Vix
1598 5796 1671 5855 enim
1693 5798 1746 5856 ulla
1770 5814 1805 5857 ex

152 5906 282 5967 „qm
301 5924 353 5967 Μ,
375 5907 501 5967 mus,
523 5906 606 5965 mas
624 5902 804 5977 enimpriore
826 5900 951 5977 epistola,
1005 5892 1502 5971 partequisquamadnoseommeare
1515 5892 1606 5959 audet,
1621 5892 1692 5966 quod
1707 5904 1803 5947 onrttes

155 5980 304 6061 secenum
330 6004 441 6077 tpsppor
465 6001 577 6074 accepi,
601 5998 697 6057 omem
724 6007 864 6070 utramque
886 5995 951 6066 dic;
1006 5995 1074 6067 rin,
1091 6006 1150 6064 quac
1165 5989 1217 6049 buc
1232 5988 1339 6061 ierunt,
1353 5987 1581 6064 undiqueelausae
1594 5983 1660 6045 sint.
1682 5985 1806 6043 dttameo

292 6098 323 6161 8.
345 6098 438 6165 ioan·
460 6098 637 6166 carrusa.
658 6092 715 6158 nt.
946 6090 1014 6139 Ὺ·
1455 6077 1685 6165 (Vincet-utto.)
