4142 6342
271 309 325 368 tur
593 249 1538 372 's.runnutscnmsosuomuncumcousmuumor.
1858 269 1912 328 nor

271 431 300 481 et
317 427 468 493 martyres:
483 412 626 472 senectutis
638 417 762 480 expertes
775 416 801 462 ct
813 402 981 477 ‚immortales
999 407 1077 482 sunt¹
1115 394 1271 472 ¹stantaciea
1283 395 1465 462 communitae,
1479 393 1597 464 undique
1607 392 1691 500 ιιιιιιε
1702 389 1844 500 iugerum,
1858 404 1914 452 ter·

274 513 330 581 illi,
347 511 397 568 hoc
409 517 438 567 et
450 513 581 578 martyres
597 500 765 557 obtinebunt.
778 497 815 553 ht
826 495 1011 565 incorpoream
1025 489 1065 546 illi
1119 503 1239 568 namque
1254 487 1396 558 splendore
1417 486 1599 556 complentem
1620 485 1738 563 undaque
1761 489 1911 559 jaculorum

274 612 395 658 naturam
420 597 507 668 sortiti
528 593 607 650 sunt?
630 589 698 662 Quid
722 597 777 646 tum
799 581 1077 669 posteallicetenimy
1120 583 1206 640 nubes
1216 582 1383 652 emittuntur,
1394 599 1507 656 quorum
1519 583 1690 654 multitudine
1699 599 1745 642 ner
1754 585 1914 651 occultatum

275 702 406 763 martyres
417 677 790 769 corpore'circumseptisint,
803 677 946 735 immortali
957 684 1065 744 tamen:
1122 684 1255 734 torrentes
1267 676 1405 748 saligninis
1425 678 1565 736 interram
1584 679 1847 756 uoluuntnnmultm
1867 695 1916 735 un·
2037 699 2041 714 ·

274 784 339 853 quin
351 782 439 853 potius
455 780 535 835 ειιιιιι
553 785 617 834 ante
630 776 714 859 ipsam
729 771 956 830 immortalitatem
968 765 1068 850 Christi
1120 765 1202 842 dique
1211 778 1314 841 strages
1326 779 1356 826 ut
1365 763 1485 842 segetum
1498 772 1526 828 in
1539 787 1637 842 messe,
1651 773 1687 830 ιιι
1699 774 1825 844 militum,
1840 771 1916 848 qui'a

227 907 230 912 -
275 888 350 930 mors
363 886 478 944 corpora
491 871 576 926 mnlto
587 869 664 941 plus,
679 864 957 940 qnamimmortalitas
968 859 1069 935 conde·

275 974 363 1023 corat.
376 965 435 1022 lion
446 966 484 1039 ita
498 946 788 1038 siderum,‚erornatum
799 955 993 1039 chorocaelum
1006 953 1069 1011 illn-

274 1066 332 1113 stre
340 1065 393 1124 est,
401 1055 583 1132 aclsplendida
593 1055 733 1127 uulnerum
744 1051 819 1109 sanie
829 1052 838 1082 ¹
848 1057 996 1121 martyrum
1008 1061 1069 1101 cor-

269 1130 350 1222 pcra.
367 1158 507 1206 exornata.
537 1147 631 1227 ltaque
653 1147 715 1221 qula
738 1136 836 1200 mortui
860 1149 940 1218 sunt,
968 1138 1069 1207 idcirco

277 1241 394 1298 marimo
414 1248 558 1317 superant,
577 1249 605 1295 et
627 1247 690 1294 ante
712 1231 939 1292 immortalitatem
952 1246 968 1286 a
982 1237 1070 1300 morte

271 1312 396 1402 eorortati
414 1331 524 1403 praemia
537 1321 723 1402 reportarunt*
738 1325 855 1380 llinnisti
865 1339 922 1380 eunt
933 1321 1010 1393 paulo
1021 1319 1071 1390 nri-

276 1441 325 1481 ttut
344 1425 376 1479 nh
395 1425 492 1496 nnqelir
499 1440 509 1490 ,·
533 1421 615 1494 qiorin
629 1430 653 1496 et
665 1421 760 1475 honore
771 1416 898 1492 coronasti
909 1429 969 1469 euru
981 1410 1072 1486 (Pani,

270 1496 304 1572 ’8.
317 1515 358 1585 ii),
366 1515 401 1571 de
412 1513 549 1592 communi
559 1512 697 1587 hominum
708 1516 802 1584 tratura
812 1506 897 1577 iuquit
910 1502 1010 1579 Dauid:
1021 1499 1071 1578 sed

277 1615 306 1664 ει
329 1607 381 1664 hcc
400 1606 506 1677 paulum
525 1602 641 1660 reddidit
657 1599 780 1658 Christus
793 1613 855 1654 cum
867 1595 1029 1662 aduenisset,
1044 1599 1072 1646 et

277 1678 392 1756 mortem
411 1706 498 1753 morte
516 1694 680 1752 damnasset.
702 1691 803 1748 Verum
815 1688 867 1746 hoc
878 1702 928 1763 cto
942 1685 1004 1742 inde
1016 1698 1071 1740 non

270 1788 425 1855 confirmo,
442 1786 492 1843 scd
505 1801 537 1843 cr
551 1799 586 1842 eo
600 1783 672 1858 quod
690 1781 809 1840 deiectus
821 1778 972 1856 hic-mortis
985 1777 1013 1832 in
1028 1774 1071 1830 lu·

277 1897 353 1938 crum
372 1889 400 1938 et
419 1878 588 1955 commodum
602 1877 684 1953 cessit
699 1895 706 1932 ι
719 1876 771 1932 nisi
784 1874 854 1932 enim
867 1871 994 1930 mortales
1001 1867 1074 1944 Διιιιε-

278 1982 359 2042 sent,
381 1982 513 2045 martyres
534 1969 596 2026 iacti
617 1985 671 2027 non
692 1977 805 2048 essesut:
820 1968 908 2038 itaque
929 1963 980 2019 nisi
999 1976 1073 2018 mors

270 2064 384 2132 scisma,
398 2078 546 2121 necoronae
557 2062 663 2139 quidem
678 2061 861 2134 exstitissent:
876 2058 966 2134 sinon
979 2052 1074 2111 luisset

280 2156 415 2222 interitus,
426 2136 583 2226 martyrium
592 2169 646 2210 nou
659 2152 753 2208 luisset
765 2168 771 2206 :
783 2151 806 2208 si
817 2164 890 2206 mors
900 2162 953 2203 non
966 2144 1071 2211 luisset,

279 2262 335 2306 non
349 2249 479 2321 potuisset
497 2248 587 2304 dicere
606 2244 720 2311 Paulus,
737 2242 855 2310 Quotidie
866 2240 961 2295 morior
972 2254 1017 2309 per
1030 2253 1074 2290 ue·

280 2349 359 2396 strom
375 2337 500 2410 qlorinnt,
517 2353 592 2408 ᾳιιιιι
608 2335 688 2389 haheo
708 2335 736 2388 in
757 2331 856 2393 Christo
874 2330 938 2413 lesu
956 2329 994 2400 (ι.
1010 2325 1072 2382 Cor.

283 2430 327 2485 t5.
342 2428 388 2500 iil)
403 2447 410 2484 ι
422 2429 472 2484 nisi
484 2442 558 2484 mors
571 2437 598 2483 et
607 2426 735 2508 interitus
743 2423 865 2490 luissent,
876 2435 929 2477 non
944 2419 1076 2490 potuisset

271 2520 352 2590 ‚idem
364 2519 472 2584 dicere,
492 2517 637 2591 Gnadocin
648 2516 808 2598 pusionibus
824 2515 887 2596 ιιιειι
902 2529 948 2585 pro
959 2511 1038 2580 coln,
1050 2519 1075 2565 et

280 2611 409 2684 adimpleo
421 2598 516 2684 enque
525 2612 617 2667 duent
626 2596 774 2683 pardonum
788 2606 881 2664 Christi
893 2607 921 2662 in
930 2619 1075 2688 carnanter

283 2699 350 2776 (cot.
362 2707 388 2762 l.
402 2705 461 2778 at).
483 2704 523 2761 lle
541 2687 681 2762 doleamus
694 2716 775 2775 erqo,
788 2701 861 2773 quod
873 2699 1000 2755 mortales
1013 2696 1076 2754 lacti

282 2799 378 2867 simus,
393 2797 441 2855 sed
460 2780 560 2868 gratias
579 2810 707 2868 agamus,
725 2791 940 2873 quodmartyrii
960 2789 1077 2850 stadium

282 2891 360 2947 nohis
374 2891 409 2945 sit
426 2905 441 2944 a
456 2897 543 2945 morte
561 2873 720 2952 reseratum,
738 2872 767 2941 et
777 2883 812 2939 ah
825 2873 935 2939 interitu
949 2879 1076 2952 premiu-

282 2997 343 3038 rum
357 2981 496 3057 materiam
508 2978 708 3057 acceperimus3
719 2975 790 3032 unde
802 2984 831 3033 et
843 2973 1019 3030 certaminum
1031 2984 1079 3026 uc-

282 3074 419 3131 casionem
433 3073 503 3129 nacti
515 3087 617 3128 sumus.
631 3070 713 3127 Vides
724 3068 880 3141 sapientiam
893 3065 951 3132 bei,
965 3078 1018 3137 qno
1029 3077 1078 3134 pa·

283 3175 327 3222 cto
349 3166 493 3222 maximum
515 3163 580 3222 thud
603 3161 734 3218 malorum
747 3164 991 3232 caputquenostrae
1003 3156 1079 3212 cala·

181 3268 184 3275 ·
284 3258 395 3329 ιιιιιιιιε,
411 3257 484 3329 quod
498 3256 603 3313 inuexit
614 3254 747 3322 diabolus,
758 3262 873 3310 mortem
889 3247 1007 3322 inquam,
1017 3240 1079 3305 eam
1093 3247 1104 3254 “

285 3350 311 3405 in
335 3349 465 3406 honorem
487 3348 652 3420 gloriamque
673 3355 791 3404 nostram
812 3345 959 3410 conuertit,
980 3358 1012 3400 ac
1029 3353 1080 3414 per
1102 3347 1105 3354 '

286 3441 355 3500 hanc
369 3443 454 3514 ipsam
465 3441 579 3498 athletae
591 3441 624 3497 ad
638 3440 758 3512 martyrii
768 3438 858 3495 bravia
871 3435 997 3493 deduxit?
1009 3434 1080 3506 Quid

288 3536 372 3608 crgol
385 3535 519 3592 idcircone
531 3511 743 3590 diabolo‘mortis
754 3544 832 3587 causa
843 3529 941 3602 gratias
950 3526 1081 3599 agemusl

286 3629 364 3685 hhsit
374 3647 382 3685 ι
392 3644 446 3684 uon
458 3628 530 3684 enim
540 3608 575 3682 ah
587 3626 646 3697 ejus
658 3632 748 3681 mente
761 3631 834 3678 recte
848 3620 945 3677 iactum
958 3619 1020 3686 boc,
1031 3618 1081 3675 sed

287 3719 334 3776 liei
348 3717 487 3792 sapientiae
500 3728 542 3775 est
553 3716 663 3773 donum.
679 3713 843 3786 lllepquidem
857 3711 965 3777 invexit,
975 3720 1003 3767 ut
1015 3725 1079 3792 pcr-

261 3802 278 3871 ζ
286 3810 363 3868 deret
371 3810 383 3880 ,'
400 3819 428 3868 et
450 3809 485 3866 ad
505 3818 604 3865 terram
624 3805 741 3864 reductis
761 3819 836 3876 spem
859 3803 952 3858 salutis
972 3815 1081 3858 omnem

288 3882 626 3975 proscindereteGbr'istus
634 3907 723 3956 autem
734 3895 761 3953 id
769 3905 905 3968 arreptum
920 3893 1080 3974 immutavit,

287 4003 315 4051 et
333 3994 359 4049 in
371 3993 468 4050 celum
483 4006 533 4048 nos
548 4005 641 4048 rursus
653 4005 702 4062 per
716 3989 801 4060 ipsum
816 3986 972 4044 introduxit.
996 3985 1082 4066 Nemo

287 4085 369 4157 igitur
381 4100 430 4140 nos
444 4084 562 4151 damnet,
577 4081 647 4154 quod
659 4080 771 4138 chorum
784 4089 812 4136 ει
822 4079 968 4136 exercitum
981 4086 1083 4152 marty-

288 4196 349 4235 rum
363 4160 462 4236 coetum
474 4177 639 4255 appellarim,
654 4178 753 4248 unique
765 4175 804 4232 rei
816 4175 950 4231 contraria
963 4172 1016 4229 duo
1030 4185 1082 4228 nc·

290 4271 362 4328 mina
386 4269 522 4327 trihne‘rim
537 4287 544 4324 ε
558 4267 740 4337 chorusenim
759 4275 786 4322 et
803 4265 937 4324 exercitus
949 4263 1084 4322 contraria

234 4370 242 4382 “
277 4346 466 4437 ¹sunt,rerum
478 4362 522 4418 hic
533 4370 675 4433 utrumque
687 4359 802 4416 coaluit:
815 4358 913 4415 etenim
927 4356 1003 4429 quasi
1016 4354 1083 4413 obc-

291 4475 351 4516 reas
363 4459 506 4531 ducerent,
528 4456 561 4514 ad
583 4463 716 4513 tormenta
733 4469 796 4510 cum
808 4453 944 4523 uoluptate
957 4464 1085 4522 perrexe-
1108 4501 1110 4509 ,

291 4562 364 4620 runt,
378 4562 405 4608 et
419 4550 553 4622 umquam
568 4549 712 4604 bellatores
730 4560 837 4602 omnem
857 4542 1040 4600 tortitudinem
1053 4557 1085 4599 ac

292 4644 460 4700 tolerantiam
478 4656 534 4713 pne
547 4655 578 4697 se
593 4638 725 4707 tulerunt,
740 4636 885 4710 hostesque
899 4635 1030 4693 uicerunt.
1045 4635 1085 4692 hc

291 4737 315 4793 si
336 4734 428 4793 e'orum
449 4733 577 4806 quidem,
597 4747 657 4803 qum
673 4738 811 4803 geruntur,
827 4738 931 4801 spectes
944 4738 1084 4798 naturam,

209 4873 218 4884 ,
279 4845 380 4903 ⁴puqna
392 4838 420 4884 et
434 4827 534 4884 bellurn
545 4832 573 4881 et
582 4825 655 4880 acies
668 4834 740 4892 sunt,
754 4837 813 4895 qum
825 4831 954 4895 geruntur
966 4822 1024 4880 :sin
1037 4837 1086 4879 au-

293 4931 348 4978 tem
367 4935 461 4977 corum
475 4928 591 4974 mentem
615 4914 787 4984 consideres,
804 4929 863 4991 quar
876 4915 962 4983 liunt,
979 4913 1086 4988 choreae

283 5022 365 5078 -sunt,
378 5020 404 5068 et
416 5009 548 5078 convivia,
557 5022 591 5065 ac
604 5007 810 5077 lestiritates„et
819 5007 943 5079 uoluptas
955 5007 1084 5076 maxima,

293 5119 354 5176 quac
365 5101 564 5175 perficimur„
634 5161 639 5170 ,

329 5236 395 5292 Gonu
407 5232 472 5291 lello
491 5243 620 5308 comperet
641 5232 785 5308 llnrtqrttm
806 5243 946 5314 tornacum
966 5243 1086 5291 constan·

295 5329 357 5383 tium
372 5326 518 5400 llnrtqrmn
538 5329 637 5400 eqreqie
652 5328 779 5383 ιιιιειιιιι.
789 5327 915 5384 -llisne
934 5335 961 5383 te
975 5326 1087 5384 doceam

280 5418 353 5474 ‘hnc
365 5419 438 5474 omni
451 5410 523 5476 hello
535 5423 600 5475 ‘esse
620 5419 790 5488 terribiliora,
811 5429 958 5491 martyrum
978 5420 1086 5490 inquam

283 5515 341 5567 'tes'
351 5512 459 5584 qestesl
477 5510 548 5581 Quid
563 5513 642 5568 est'in
661 5510 928 5569 belloiormidahile?
945 5510 1087 5583 Utrimque

325 5684 1088 5758 ermanlcrttdorsuerunmorqqmteutononestspon

382 5813 385 5825 ι
499 5807 504 5820 ¹
570 5807 575 5818 '

291 5727 295 5734 a

1121 861 1276 938 seinvicem
1291 871 1506 942 prosternuntur.
1521 866 1580 937 Age
1589 880 1654 938 ergo
1664 867 1814 924 altiliorum
1829 884 1916 940 pugna

1123 964 1150 1010 te
1163 937 1197 1010 ad
1210 953 1279 1010 hanc
1293 954 1471 1012 traducamus.
1489 955 1538 1012 llic
1551 956 1627 1012 hince
1639 972 1746 1029 quoque
1759 968 1822 1016 sunt
1832 958 1916 1029 acies,

1124 1060 1176 1101 una
1191 1045 1299 1116 quidem
1323 1031 1480 1119 martymm,
1496 1049 1579 1104 altera
1596 1063 1662 1105 uero
1674 1057 1847 1121 tyrannomm
1862 1071 1871 1108 r
1884 1065 1917 1110 ar

1115 1137 1359 1210 ,tyranniquidem
1377 1139 1473 1196 armati
1492 1149 1564 1205 sunt,
1591 1151 1724 1213 martyres
1738 1149 1827 1198 anum
1844 1141 1917 1200 ntrdc

1123 1238 1242 1301 pugnant
1255 1245 1383 1302 corpore;
1397 1231 1444 1288 scd
1457 1233 1673 1300 anudlstamen,
1686 1249 1741 1291 non
1754 1235 1916 1304 aharmatis,

1123 1321 1236 1378 uictoria
1249 1331 1412 1400 reportatur,
1423 1323 1491 1392 Quis
1500 1340 1554 1381 non
1569 1327 1750 1397 obstupescat,
1767 1329 1873 1399 quando
1894 1329 1918 1386 ie

1116 1415 1172 1486 ¹qni
1186 1415 1268 1486 uirgis
1281 1415 1402 1481 caeditur,
1414 1417 1562 1475 caedentem
1572 1419 1664 1485 vineit,
1686 1429 1713 1477 et
1724 1421 1828 1477 rinctus
1841 1423 1917 1478 solu·

1116 1514 1192 1574 tum,
1205 1517 1317 1562 exustus
1326 1517 1461 1576 urentem,
1475 1509 1556 1580 etqui
1571 1510 1682 1566 moritur
1697 1509 1919 1570 interficientem?

1117 1596 1206 1662 ¹llides
1221 1605 1250 1652 ιιι
1264 1598 1322 1655 hae
1334 1599 1386 1656 illis
1403 1600 1561 1658 terribiliora
1577 1603 1652 1659 sint?
1673 1601 1739 1660 llam
1754 1599 1799 1660 illa
1809 1605 1917 1678 quidem

1116 1705 1289 1761 quamquam
1302 1689 1480 1749 formidabilia
1493 1702 1563 1758 suant,
1579 1695 1668 1750 ιιιιιειι
1687 1711 1721 1752 er
1730 1695 1825 1754 ordine
1837 1706 1917 1753 naur-

1125 1796 1165 1837 rae
1178 1781 1245 1838 llunt
1258 1799 1266 1836 ι
1278 1783 1336 1851 haec
1349 1792 1438 1840 autem
1449 1795 1610 1856 exsuperant
1623 1795 1745 1844 naturam
1755 1803 1864 1848 omnem
1877 1805 1919 1848 re-

1125 1888 1240 1945 rumque
1251 1889 1359 1931 omnem
1378 1873 1606 1947 consequentiam,
1631 1886 1660 1935 ut
1677 1879 1810 1954 intelligas
1822 1882 1921 1941 divinar

1126 1967 1219 2038 gratiae
1228 1976 1337 2038 accepta
1348 1967 1455 2024 lerenda
1470 1984 1540 2036 esse,
1555 1984 1615 2041 quae
1628 1969 1671 2026 hie
1681 1985 1742 2028 cum
1756 1973 1834 2030 laude
1848 1989 1920 2045 pne·

1128 2067 1242 2129 stantur.
1267 2059 1384 2116 Tametsi
1397 2057 1460 2131 quid
1475 2060 1534 2127 hac,
1557 2075 1657 2131 qumso,
1679 2065 1921 2138 pugnainiquiusl

1126 2150 1466 2227 quidcertaminibusistis.
1479 2153 1621 2223 injustius?
1632 2154 1698 2210 Nam
1713 2157 1739 2211 in
1758 2157 1836 2212 hellis
1847 2165 1921 2213 uter·

1126 2259 1181 2314 quc
1195 2251 1301 2312 eorum,
1314 2246 1359 2315 qui
1375 2257 1502 2317 pugnant,
1518 2257 1654 2315 armatum
1668 2247 1713 2305 hic
1730 2265 1794 2307 reru
1807 2266 1860 2307 non
1873 2253 1920 2320 ita,

1127 2337 1176 2392 sed
1191 2337 1234 2394 hie
1246 2337 1357 2409 quidem
1368 2340 1455 2396 nudus
1470 2349 1522 2407 est,
1533 2341 1578 2397 ille
1591 2337 1660 2398 uero'
1669 2344 1751 2400 armis
1760 2352 1802 2400 est
1816 2353 1919 2404 tectus:

1129 2428 1156 2482 in
1180 2429 1372 2489 certaminibus
1386 2445 1480 2487 mrsus
1499 2433 1618 2504 utrisque
1638 2435 1701 2490 licet
1722 2451 1817 2493 manus
1829 2447 1923 2496 curura

1129 2520 1272 2588 attollere;
1288 2522 1408 2580 hierem
1421 2525 1525 2582 uinctus
1544 2534 1586 2582 est
1603 2526 1662 2593 iste,
1675 2535 1703 2582 nt
1716 2528 1761 2584 ille
1770 2543 1831 2585 cum
1844 2537 1922 2601 pote·

1119 2621 1198 2672 ¹state
1212 2613 1281 2670 ictus
1294 2614 1396 2686 indigit,
1413 2627 1439 2672 et
1460 2625 1594 2690 tamquam
1609 2634 1642 2675 ex
1657 2621 1797 2692 tyrannide
1807 2623 1925 2694 quadam
1959 2677 1964 2686 ,

1131 2704 1183 2761 sihi
1198 2705 1304 2776 quidem
1317 2721 1364 2763 eas
1377 2715 1466 2778 partes
1486 2721 1653 2767 assumentes
1667 2713 1801 2783 presides
1813 2723 1842 2770 ut
1854 2715 1926 2772 male

1130 2796 1241 2866 iaciant,
1252 2798 1332 2870 iustis
1344 2801 1506 2874 martyribus
1514 2809 1544 2861 ut
1553 2803 1623 2860 male
1634 2805 1768 2876 patiantur
1776 2807 1926 2864 attribuen·
1961 2875 1965 2887 Ι

1121 2895 1184 2960 tes,
1196 2889 1233 2946 ιιι
1245 2892 1457 2964 congrediuntur
1477 2909 1538 2951 cum
1554 2898 1665 2966 sanetis,
1681 2907 1708 2956 et
1720 2914 1755 2956 ne
1765 2900 1804 2956 sic
1817 2900 1927 2971 quidem

1132 2981 1205 3052 ipsos
1218 2994 1381 3056 expugnant,
1396 2985 1444 3042 sed
1458 2987 1492 3046 ah
1507 2987 1557 3046 ista
1569 3005 1657 3062 pugna
1673 3003 1728 3048 tam
1740 2993 1827 3066 iniqua
1842 3008 1926 3065 supe-

1131 3074 1181 3128 rati
1195 3073 1336 3132 discedunt
1353 3095 1359 3132 :
1374 3086 1454 3150 atque
1475 3079 1545 3136 idem
1565 3082 1662 3138 accidit
1682 3097 1714 3140 ac
1728 3084 1750 3140 si
1765 3086 1825 3156 quis
1839 3087 1928 3144 virum

1132 3165 1291 3250 quempiam
1302 3166 1458 3244 bellatorem
1468 3171 1495 3227 in
1506 3173 1626 3244 praelium
1638 3175 1761 3246 deducat,
1775 3186 1803 3234 et
1815 3180 1928 3250 precisa

1132 3255 1235 3314 lanceae
1256 3259 1378 3330 cuspide,
1393 3261 1475 3319 lurica
1489 3265 1641 3338 spoliatum,
1659 3269 1731 3325 nudo
1752 3283 1865 3341 corpore
1877 3286 1931 3342 pu-

1132 3361 1215 3418 gnare
1235 3348 1336 3420 juheat,
1358 3352 1403 3409 ille
1418 3362 1506 3411 autem
1526 3356 1590 3412 licet
1614 3372 1759 3428 percussus
1782 3375 1815 3418 ac
1835 3361 1928 3431 lasus,

1133 3441 1321 3514 sexcentisque
1340 3443 1482 3503 confossus
1503 3447 1668 3518 uulneribus,
1689 3460 1931 3522 tropaeumtamen

1134 3531 1230 3602 erigat.
1250 3532 1380 3607 llartyres
1399 3537 1482 3610 enim,
1495 3538 1582 3596 nudos
1600 3554 1662 3598 cum
1682 3541 1710 3598 in
1729 3543 1847 3600 medium
1867 3559 1932 3614 pro-

1135 3625 1289 3693 traxissent,
1306 3642 1338 3684 ac
1349 3628 1477 3704 revinctis
1492 3639 1553 3702 post
1566 3640 1639 3704 terqa
1653 3633 1776 3691 manibus
1786 3649 1834 3692 eos
1849 3635 1933 3692 ιιιιιε·

1137 3730 1243 3787 quaque
1252 3720 1456 3795 percussissent,
1467 3721 1505 3777 ita
1515 3721 1707 3780 vincebantur:
1721 3724 1759 3782 llli
1769 3735 1859 3783 autem
1870 3727 1932 3786 url-

1126 3819 1202 3886 nera
1215 3822 1276 3864 eum
1290 3812 1471 3882 excepissent,
1486 3822 1615 3886 tropaeum
1623 3816 1865 3875 coeundiaholum
1875 3819 1933 3875 eri-

1135 3899 1247 3977 gebant,
1257 3899 1295 3964 ,Ει
1307 3902 1531 3972 quemadmodum
1545 3920 1688 3976 percussus
1701 3906 1812 3966 adamas
1821 3909 1933 3966 minimo

1137 3989 1208 4048 cedit
1225 4007 1313 4078 neque
1332 3995 1478 4064 emollitur,
1491 3998 1554 4072 imo
1577 3991 1677 4056 lerrum
1691 4015 1706 4058 a
1721 4003 1934 4074 quopercutitur

1137 4084 1283 4158 conirinqtt
1300 4106 1307 4142 ι
1330 4089 1365 4144 ita
1380 4089 1506 4146 nimirum
1529 4097 1558 4148 et
1578 4103 1732 4162 sanctorum
1747 4095 1855 4163 anime,
1869 4109 1933 4152 eum

1126 4185 1195 4260 ¹tam
1209 4177 1285 4234 multi
1301 4179 1434 4236 cunctatus
1449 4181 1651 4253 adhiberentur,
1667 4185 1733 4257 ipsu
1745 4185 1853 4257 quidem
1864 4187 1933 4243 nibil

1139 4284 1221 4342 qnare
1242 4272 1422 4342 patiebamur,
1438 4287 1532 4331 eorum
1550 4290 1616 4332 vero
1628 4290 1643 4330 a
1655 4276 1751 4348 quihus
1763 4277 1935 4335 cedebantur

1140 4361 1197 4418 vim
1213 4377 1245 4419 ac
1257 4364 1384 4444 uirtutem
1398 4366 1582 4438 profligantes,
1595 4368 1709 4439 turpiter
1720 4377 1748 4428 et
1757 4364 1935 4442 ignominiose

1128 4454 1261 4530 ,deuictos
1271 4465 1332 4528 post
1349 4457 1450 4516 multos
1467 4468 1494 4515 ει
1507 4459 1689 4519 intolerandos
1702 4463 1770 4520 ictus
1779 4467 1936 4526 ecertami·

1128 4535 1221 4624 {nibus
1234 4546 1414 4606 dimittebant.
1438 4549 1545 4608 Etemm
1559 4553 1613 4610 illis
1623 4553 1651 4610 in
1664 4555 1779 4627 equulco
1788 4557 1886 4616 vinctis
1897 4560 1936 4616 la-

1139 4650 1199 4700 tera
1212 4641 1357 4711 lodiehant,
1371 4643 1503 4715 prolunde
1516 4647 1609 4716 ,sulcos
1630 4655 1742 4720 agentm
1757 4651 1777 4716 ¹,
1793 4651 1869 4722 quasi
1885 4660 1937 4709 ter·

1129 4723 1298 4815 ¹ramaratro
1307 4736 1453 4806 srulcarent,
1468 4751 1522 4794 non
1535 4753 1647 4810 corpora
1659 4740 1808 4800 lacerarent
1823 4763 1830 4800 :
1845 4744 1935 4802 uidere

1142 4838 1202 4884 crat
1219 4832 1293 4884 stum
1310 4839 1429 4902 apertos,
1449 4840 1568 4888 reserata
1586 4833 1680 4901 latera,
1694 4845 1804 4907 pectora
1826 4838 1935 4909 ειιοεει,
2016 4835 2023 4842 ”

1143 4934 1231 4990 neque
1242 4928 1330 4976 tamen
1339 4935 1373 4978 eo
1385 4921 1503 4978 cruciatu
1513 4921 1631 4981 furorem
1641 4940 1720 4982 suum
1733 4913 1876 5000 explebant
1885 4929 1936 4986 illac

1142 5011 1273 5083 sunguine
1287 5021 1371 5084 pastae
1394 5014 1507 5082 bellum
1533 5015 1580 5084 sed
1603 5016 1753 5076 abstractos
1774 5020 1809 5078 ah
1823 5021 1936 5094 equuleo

1103 5151 1109 5166 ,
1142 5103 1270 5174 subiectis
1293 5105 1457 5163 carbonibus
1475 5107 1504 5166 ir
1521 5107 1592 5165 scala
1616 5107 1704 5168 iet-rea
1722 5113 1934 5174 ἐιιειιιιειιιιιιι

1142 5206 1255 5269 tumque
1267 5197 1360 5256 ridere
1378 5209 1436 5256 erat
1454 5203 1605 5272 spectacula
1620 5203 1704 5260 multo
1715 5203 1849 5276 prioribus
1862 5223 1939 5263 acer-

1143 5289 1229 5358 biora,
1245 5287 1365 5361 duplices
1387 5301 1507 5363 guttasc
1528 5293 1687 5371 corporibus
1707 5294 1868 5367 defluentes,
1890 5297 1938 5353 has

1143 5381 1250 5454 quidem
1265 5382 1392 5440 stillarttis
1403 5384 1551 5456 sanguinis,
1575 5385 1635 5442 illas
1657 5395 1747 5444 autem
1768 5389 1889 5446 carnium
1902 5389 1938 5444 li·

1143 5472 1327 5545 quclactarum
1344 5493 1350 5529 :
1369 5477 1455 5532 sancti
1476 5492 1540 5534 vero
1557 5485 1693 5550 tamquam
1716 5479 1786 5537 inter
1803 5495 1880 5538 rosas
1896 5479 1937 5551 ja·

1128 5622 1131 5631 ,
1144 5578 1238 5626 centes
1250 5569 1277 5625 iu
1290 5570 1395 5643 prunis,
1414 5571 1450 5629 ita
1463 5585 1524 5628 cum
1548 5572 1684 5644 uoluptate
1703 5589 1763 5646 que
1776 5575 1938 5647 gerebantur

1129 5661 1311 5732 spectabant.
1372 5706 1375 5714 .

1130 5829 1132 5836 Α
1178 5773 1904 5848 ¹snu.,mofnuoraoartntnetr,utttncteanr,tuton·
