4142 6342
269 340 321 410 lii.

623 333 651 392 S.
672 327 811 396 totonis
825 321 1064 384 cantsoslottt
1083 321 1240 380 suuntur.
1260 313 1526 378 attestantium.

1856 321 1909 379 tati

265 469 381 524 nostras,
396 469 448 511 oon
462 453 528 509 alios
540 447 738 512 custodiamus,
754 433 782 499 et
796 437 880 497 nostri
895 428 946 496 iltis
960 445 1052 493 eusto-
1111 450 1170 504 spe,
1184 432 1212 490 e't
1224 432 1386 489 couscientia
1397 431 1476 495 bona,
1488 429 1571 500 gratia
1587 438 1614 485 et
1627 428 1790 500 benignitate
1799 429 1905 485 bomini

264 555 334 611 didm
350 549 524 613 mandemus,
542 547 569 602 el
591 540 641 598 lro'c
661 537 799 612 puleltrbm
821 525 948 590 iactamus
968 529 1057 587 curta·

265 665 337 715 men,
352 653 382 703 ut
397 645 432 701 ita
448 645 551 713 turpem
564 639 634 696 barro
648 630 869 692 corisuetodiaem
884 633 1057 698 superantes,

266 755 327 796 eum
349 731 443 792 lidncia
462 728 496 790 ad
511 727 579 787 hanc
601 729 720 784 sanctam
744 720 882 780 ueniamus
903 714 1060 774 solemnita-

1114 529 1196 585 nostri
1221 527 1285 584 lesit
1306 525 1423 592 Christi,
1452 538 1499 596 per
1521 539 1600 595 ouem
1626 530 1652 580 et
1677 529 1738 579 eum
1759 539 1813 598 quo
1839 525 1909 580 l‘atrl

1114 621 1198 693 gloria
1213 633 1263 675 nna
1278 633 1339 675 eum
1351 616 1451 674 Saltem
1462 615 1573 688 Spiritu,
1588 615 1615 670 in
1630 616 1728 671 secula
1737 614 1907 673 seculorum.

1116 715 1212 769 Amen.

266 843 337 914 tem,
351 836 376 886 et
399 825 483 883 sancii
506 824 648 896 'participes
668 819 751 875 simus
772 812 966 872 sacriflciicum
981 807 1060 864 beata
1134 852 1137 859 ,

738 921 742 930 ,
1076 904 1083 916 ,

270 1009 374 1064 annuc
396 1005 438 1061 to
459 1009 550 1058 neon
571 994 758 1056 onirraann
779 994 851 1078 tert

307 1117 347 1162 aa
368 1105 544 1161 aaronitas
567 1109 608 1154 nn
629 1098 675 1154 du

853 999 872 1044 o
894 995 955 1042 erto
976 986 1117 1039 asseret
1140 981 1234 1030 rnatu
1255 972 1485 1025 coamssonnrr
1504 975 1630 1022 cerunt
1650 972 1908 1021 suessanorum:

679 1102 742 1150 nno
763 1095 998 1148 snanoontxnro
1022 1095 1029 1135 ε
1053 1075 1094 1134 sn
1115 1080 1200 1140 ouon
1221 1076 1374 1124 sournnrr
1393 1077 1514 1124 caesas
1537 1075 1618 1121 nnus
1639 1075 1747 1121 nsanos
1767 1077 1827 1120 rrsr
1848 1077 1910 1120 ttr-

307 1212 459 1260 nuaauen
481 1198 649 1259 tnnrneatu
671 1206 678 1249 r
703 1199 743 1248 sn
765 1203 806 1246 nn
830 1191 1021 1250 annaneane
1042 1186 1123 1236 ouant
1145 1170 1329 1228 ntxtennnts
1351 1170 1505 1225 rtnartbo.

870 1292 873 1298 '
951 1293 954 1298 “
986 1290 1196 1358 aalma>

577 1433 686 1476 nottttn
706 1429 753 1470 ιιι.

304 1527 331 1584 l.
348 1525 380 1582 tir
402 1521 461 1578 beri
481 1516 555 1582 dixi,
578 1510 740 1568 Benedictus
754 1505 842 1570 licus,
863 1510 892 1556 ut
913 1494 992 1550 lrodic
1011 1491 1063 1546 lroc

241 1597 247 1606 ⁶
268 1623 354 1691 ipsum
370 1627 462 1672 rursus
474 1610 571 1666 dicam.
586 1602 642 1670 Etsi
656 1600 728 1656 errim
750 1596 840 1668 grauia
858 1588 1061 1664 praeterierunt,

269 1721 359 1768 tamen
372 1703 493 1777 gravium
508 1695 636 1754 memoria
653 1707 686 1748 ne
700 1694 852 1764 pretereat,
866 1687 963 1774 nonut
975 1674 1063 1732 dolea-

268 1813 338 1866 mus,
352 1794 400 1852 sed
414 1803 442 1850 ut
451 1789 549 1864 gratiss
562 1799 681 1860 agamus.
692 1781 720 1839 Si
730 1779 802 1837 enim
816 1776 946 1833 malorum
957 1782 1061 1826 utentu-

268 1892 307 1947 ria
327 1885 471 1952 manserit,
491 1881 623 1938 urniorum
646 1872 811 1948 experientia
824 1875 1063 1940 numquamurge-

268 1984 316 2042 bit.
330 1980 398 2052 Quid
414 1979 485 2036 enim
498 1972 664 2046 experientia
678 1985 747 2042 opus
769 1975 827 2032 est,
850 1954 1062 2042 commemoria

239 2131 242 2137 .
270 2091 319 2134 tros
338 2070 472 2143 corrigat‘l
490 2069 565 2125 Sicut
586 2065 665 2138 igitur
687 2059 823 2130 submergi
845 2070 895 2111 tros
920 2053 989 2108 Dens
1008 2062 1062 2106 non

269 2169 391 2243 perrtrisit
405 2163 581 2239 presentibus
604 2157 743 2242 procellis,
765 2153 803 2209 sic
827 2163 913 2220 neque
927 2161 975 2202 tros
990 2145 1063 2214 ipsos

270 2264 323 2318 illis
338 2259 449 2318 sublatis
462 2253 559 2312 resolvi
573 2253 701 2308 sinamus.
713 2244 873 2304 consolatus
886 2247 927 2296 est
941 2251 990 2292 nos
999 2243 1063 2293 tunc

270 2363 433 2421 moererttes,
448 2349 546 2424 gratias
560 2347 609 2418 ipsi
626 2358 697 2401 nune
716 2342 836 2398 letantes
850 2347 959 2408 agamus
975 2350 981 2388 :
997 2345 1064 2386 eon-

269 2447 371 2504 solatns
382 2455 423 2502 est
437 2442 613 2514 suspirantes,
629 2449 716 2508 nepus
730 2430 847 2488 deseruit
860 2447 868 2486 ι
883 2424 961 2500 igitur
976 2435 1063 2492 tregue

271 2559 320 2599 nos
343 2544 415 2612 ipsos
435 2549 562 2610 prospere
584 2540 693 2603 agentes
708 2525 867 2601 prodamus,
887 2521 912 2576 in
927 2529 1061 2589 torporem

270 2634 459 2691 declinantes:
476 2643 539 2684 nam
556 2625 684 2696 scriptum
705 2630 764 2678 est:
780 2615 924 2674 Recordare
942 2607 1064 2682 temporit

269 2727 344 2798 {namt
366 2726 392 2780 in
412 2723 454 2780 die
472 2719 593 2779 satietatis
615 2713 717 2790 (dccli.
732 2711 775 2770 ts.
790 2709 826 2766 25
838 2706 859 2781 ).
879 2703 1064 2784 Recordentur

268 2820 359 2892 tuqus
371 2825 523 2887 temporum
537 2809 693 2868 tentationis
706 2813 734 2862 et
748 2817 798 2862 nos
812 2802 839 2857 iu
859 2799 903 2856 die
923 2795 1062 2854 remissio-

268 2913 328 2981 nis;
342 2911 407 2984 outo
430 2919 458 2967 et
481 2907 509 2964 in
531 2903 648 2978 peccatis
661 2903 713 2958 boc
727 2900 814 2972 ipsum
834 2893 972 2952 iaciamus.
991 2887 1027 2945 tn
1039 2888 1062 2943 si

269 3003 438 3079 peccaveris,
453 3009 481 3056 et
496 2997 543 3056 tibi
565 3003 673 3070 peccata
694 2993 765 3048 Deus
786 2987 933 3053 remiserit,
957 2981 1064 3040 reniam

270 3096 378 3169 qnidam
393 3094 508 3163 suscipe,
524 3098 552 3146 et
563 3087 660 3160 gratias
674 3099 741 3156 age;
757 3079 859 3154 peccati
873 3091 936 3134 uero
950 3089 983 3130 ne
996 3073 1064 3128 obli·

269 3191 384 3253 uiscera,
399 3201 453 3242 non
467 3192 497 3240 ut
510 3182 622 3253 teipsum
634 3175 795 3249 cogitatione
807 3183 959 3236 corisumas,
973 3165 1020 3224 sed
1034 3175 1065 3222 ut

270 3279 386 3339 animem
409 3275 506 3332 doceas
529 3287 581 3328 non
603 3263 743 3334 lasciuire,
759 3259 959 3337 ricquagursum
974 3259 1001 3314 in
1016 3272 1063 3313 ea-

269 3372 332 3430 detn
348 3369 441 3427 relabi.
456 3366 501 3424 Sic
514 3373 542 3422 et
559 3364 657 3421 Paulus
671 3361 733 3417 lecit
747 3377 754 3415 ε
769 3373 830 3414 cum
845 3355 917 3412 enim
930 3351 1063 3412 dixisset:

269 3463 384 3520 Fidelem
395 3477 437 3516 me
450 3457 613 3523 emistimnoit,
629 3469 724 3526 puram
742 3452 769 3506 in
789 3449 938 3514 ministerio,
953 3443 1064 3502 intulit:

271 3555 321 3623 oui
335 3553 405 3624 prius
416 3549 575 3621 blasphemus
587 3547 626 3618 [tri
638 3553 661 3600 et
672 3551 845 3618 peraguntur,
861 3546 885 3594 et
898 3535 1065 3593 contumelio·

270 3664 314 3704 ses
324 3648 364 3718 (l.
381 3644 446 3699 Tiar.
456 3644 486 3715 d·
501 3642 545 3698 ti.
557 3641 615 3710 lb).
626 3634 802 3704 Traducatur,
814 3633 907 3706 inquit,
917 3631 972 3686 ritu
982 3628 1064 3714 serni,

270 3749 300 3801 ut
313 3746 441 3810 appareat
452 3733 602 3791 humanitas
614 3728 726 3787 domiui.
739 3727 795 3784 Etsi
809 3724 881 3782 enim
894 3730 1065 3794 peccaturum

272 3830 379 3888 serrium
393 3827 502 3900 aesopi,
517 3830 672 3880 nontamen
685 3818 764 3892 ejicio
778 3811 949 3889 poeoniorum
963 3826 1070 3900 memo-⁴

269 3925 348 3987 riam.
358 3921 414 3977 Nec
425 3918 512 3976 solum
523 3914 627 3980 Domini
638 3906 1065 3982 bochoniguitaterndcmonstra-

269 4016 325 4082 bat,
338 4014 386 4072 sed
400 4021 427 4069 et
442 4011 514 4066 illum
528 4008 668 4064 clariorem
681 4003 803 4060 iaciebat.
817 4000 885 4058 Curta
904 3999 975 4056 enim
993 3996 1063 4064 didi·

269 4109 348 4174 ceris,
360 4107 419 4178 quis
429 4106 503 4178 prius
514 4102 601 4168 luerit,
612 4109 674 4156 tuac
684 4101 769 4170 ipsurn
780 4095 863 4168 magis
874 4091 1064 4150 admiraberis:

269 4211 296 4258 et
309 4215 369 4256 eum
385 4197 484 4254 videris
496 4211 528 4250 ex
544 4209 597 4266 otto
611 4191 671 4264 quis
686 4191 770 4268 laetus
784 4187 881 4258 luerit,
901 4194 962 4240 tunc
977 4185 1064 4256 ipsum

269 4295 354 4366 magis
367 4287 567 4348 commendabis
581 4304 588 4342 ι
601 4293 629 4342 et
642 4286 664 4342 si
678 4283 789 4338 multum
801 4279 962 4352 peccaveris,
978 4285 1067 4332 muta·

269 4396 311 4443 tus
326 4385 387 4440 inde
399 4383 496 4441 bonam
510 4393 584 4451 spem
600 4375 710 4438 babebis
722 4393 729 4430 :
743 4379 803 4430 nani
822 4381 918 4442 prater
936 4369 1022 4434 dicta,
1039 4376 1067 4424 et

270 4481 298 4538 in
310 4478 497 4548 desperatione
509 4473 609 4546 positos
622 4469 772 4539 exenrplum
787 4465 872 4544 allicit
881 4473 908 4520 et
922 4477 1067 4532 exsurgere

270 4572 344 4629 lucit.
356 4569 435 4638 Quod
447 4567 554 4640 quidem
572 4573 600 4622 ct
620 4564 646 4620 in
666 4561 772 4618 civitate
785 4567 875 4615 nostra
889 4555 940 4611 erit
954 4573 961 4606 r
977 4552 1067 4608 orurria

271 4665 342 4722 enirn
355 4677 414 4734 quse
431 4660 615 4732 contigerunt,
637 4666 664 4712 et
678 4655 803 4710 uirtutem
822 4659 939 4706 vostram
952 4646 1067 4732 demort-

271 4764 368 4822 strant,
384 4754 490 4826 quiper
504 4737 687 4822 poenitentian'r
703 4754 803 4802 tantum
814 4742 860 4798 irae
871 4737 1006 4811 depellere
1019 4751 1067 4808 po·

272 4849 392 4914 toenitis3
413 4856 442 4904 et
463 4845 511 4902 oei
532 4840 702 4914 clementiam
718 4835 878 4910 praedicant,
898 4830 942 4902 qui
956 4830 991 4888 ob
1007 4844 1067 4888 tuo·

271 4941 358 5004 dicem
385 4938 606 5002 conversionem,
636 4941 735 4998 matam
759 4927 857 4986 nubem
884 4924 1067 4986 imminentem

272 5033 399 5091 abstulit:
414 5033 441 5088 iu
452 5027 639 5100 desperatione
653 5037 760 5094 quoque
773 5020 873 5092 positos
886 5031 980 5074 omnes
992 5014 1067 5072 excl-

273 5136 326 5193 tet,
340 5125 474 5182 discentes
489 5137 521 5177 ox
537 5119 617 5182 rebus
631 5116 729 5172 nostris
744 5129 820 5180 eurrt,
836 5112 881 5184 qui
895 5109 929 5166 ad
942 5109 1068 5191 sublimia
1090 5094 1097 5113 '

272 5228 300 5276 et
313 5218 347 5280 sd
361 5217 407 5274 lici
421 5213 548 5270 auxilium
561 5208 696 5280 respiciat,
708 5205 829 5278 qrramris
841 5203 935 5260 inliniti
950 5201 1068 5274 undique

272 5308 369 5365 ductus
390 5305 563 5374 obstrepant,
584 5300 717 5372 submergi
736 5314 790 5354 nort
812 5311 901 5368 posse.
917 5295 981 5364 Quis
994 5296 1068 5378 'enirn

277 5403 354 5467 uidit,
370 5399 431 5471 guis
444 5395 545 5455 audiuit
558 5409 685 5466 uinquam
706 5393 804 5450 uostris
822 5393 929 5449 casibus
947 5393 1068 5450 similini

275 5492 394 5568 quotidie
414 5490 549 5552 ciuitatem
573 5498 691 5544 nostram
714 5502 773 5544 cum
788 5487 852 5560 ¹suis
873 5485 1068 5563 babitatoribus

274 5585 392 5642 luriditus
407 5581 549 5640 tollendam
562 5595 622 5640 csse
636 5579 835 5652 suspicabamur
847 5595 855 5634 a
867 5577 915 5655 scd
933 5592 993 5634 cum
1007 5577 1067 5654 dia-

273 5678 352 5736 belus
376 5674 508 5746 navigium
533 5675 704 5742 submergere
725 5669 864 5743 sperabat,
886 5653 950 5726 tune
973 5683 1068 5740 puram

1122 1417 1208 1464 turum
1228 1404 1436 1479 magnitudinem
1452 1404 1645 1462 recordemur:
1659 1404 1759 1460 etenim
1776 1404 1822 1476 qni
1840 1419 1913 1462 mor·

1120 1499 1213 1557 borram
1229 1510 1350 1555 natumm
1365 1498 1459 1565 rrcsmt,
1475 1497 1571 1553 medici
1583 1505 1669 1554 artem
1681 1513 1825 1569 tturrtguanr
1834 1498 1912 1554 sciet.

1119 1591 1183 1648 llaec
1198 1601 1225 1648 et
1240 1593 1329 1663 pueris
1342 1593 1443 1648 nostris
1454 1591 1591 1658 dieamus,
1609 1601 1637 1647 et
1649 1591 1675 1646 iu
1690 1592 1763 1648 mille
1777 1592 1914 1650 nutamus

1117 1685 1314 1753 generationes,
1328 1691 1356 1739 et
1368 1698 1463 1738 ornnes
1474 1683 1590 1752 discant,
1602 1684 1738 1754 quomodo
1750 1684 1874 1742 diabolus
1886 1692 1915 1742 et

1118 1775 1233 1830 ciuitatis
1254 1775 1342 1831 solutu
1355 1774 1604 1842 delerestnduerit,
1625 1784 1653 1832 et
1672 1777 1807 1848 quonrodo
1827 1777 1915 1848 ipsam

1120 1867 1191 1924 Deus
1204 1868 1306 1940 lapsam
1320 1878 1348 1924 et
1359 1869 1492 1942 iacentem
1504 1883 1598 1924 rursus
1610 1868 1714 1940 erigere
1724 1868 1853 1942 potnerit,
1866 1883 1916 1925 ne-

1118 1977 1171 2032 que
1185 1962 1268 2018 ullum
1283 1963 1335 2033 pati
1349 1961 1476 2018 daarnum
1490 1962 1664 2032 concesserit,
1676 1962 1711 2018 ad
1726 1963 1777 2018 boc
1790 1971 1818 2018 et
1836 1963 1915 2018 timo·

1118 2069 1176 2111 rem
1188 2042 1343 2124 sustulerit,
1358 2065 1386 2110 ct
1398 2055 1530 2126 repulerit
1543 2071 1604 2112 curn
1619 2055 1702 2110 multa
1714 2054 1854 2111 celeritate
1867 2071 1915 2125 pc·

1118 2149 1242 2205 riculum.
1251 2149 1357 2206 Etenim
1367 2149 1531 2206 bebdomada
1543 2151 1676 2220 promerita
1687 2148 1915 2220 laeultatesdiripi

1118 2254 1212 2296 omnes
1224 2241 1462 2311 exspectabamus,
1478 2249 1507 2296 et
1520 2241 1620 2296 milites
1635 2241 1724 2296 trabis,
1734 2241 1862 2308 unntitti,
1886 2249 1916 2296 et

1118 2329 1222 2386 inlinita
1236 2330 1287 2387 alia
1301 2332 1369 2386 ntala
1382 2331 1601 2402 suspicabamur,
1616 2331 1741 2388 sedeces
1760 2332 1804 2388 illa
1824 2332 1916 2388 ornuia

1118 2423 1315 2498 praeterierunt,
1332 2432 1466 2494 nusquam
1480 2424 1614 2492 erubesci
1629 2424 1702 2480 uelut
1713 2423 1808 2479 untbra
1822 2430 1915 2494 praete

1118 2516 1208 2582 riens,
1222 2525 1249 2572 et
1263 2517 1320 2573 sola
1339 2517 1521 2573 calamitatum
1541 2518 1740 2588 exspectatione
1763 2517 1848 2588 puniti
1868 2531 1915 2574 su·

1118 2625 1194 2677 snus,
1217 2609 1271 2664 imo
1295 2625 1360 2665 sero
1379 2627 1431 2666 neo
1455 2612 1539 2681 puniti
1560 2627 1664 2678 sumus,
1684 2611 1731 2668 sed
1750 2612 1865 2668 correcti
1887 2621 1917 2668 et

1118 2701 1246 2759 meliores
1265 2701 1348 2770 lacti,
1369 2704 1431 2774 quia
1444 2704 1516 2760 licus
1526 2703 1700 2774 imperatoris
1712 2719 1761 2760 eor
1771 2704 1915 2762 emollivit.

1120 2793 1245 2850 llicamus
1257 2794 1337 2864 igitur
1348 2809 1456 2866 seraper
1465 2803 1493 2852 et
1502 2795 1621 2866 quotidie
1635 2813 1643 2850 ε
1656 2794 1818 2852 Barredietus
1830 2796 1914 2866 Deus,

1119 2898 1221 2946 etcum
1234 2890 1330 2961 maiori
1343 2890 1431 2946 undio
1440 2892 1536 2963 synaxi
1546 2904 1681 2956 racemus,
1694 2898 1722 2947 et
1733 2905 1872 2957 curramus
1880 2891 1917 2948 ad

1121 2981 1281 3051 mesiam,
1295 2980 1368 3038 uode
1380 2981 1521 3039 utilitatem
1541 2990 1642 3038 mutam
1660 2981 1824 3054 accepimns.
1836 2981 1917 3038 Scitis

1119 3073 1190 3130 enim
1211 3073 1246 3130 ab
1265 3074 1341 3130 initio
1362 3089 1418 3146 guo
1435 3073 1627 3146 messueritis,
1645 3089 1699 3146 guo
1714 3075 1916 3142 concurrentis,

1119 3164 1190 3222 unde
1205 3164 1273 3223 lacta
1294 3166 1330 3222 sit
1350 3166 1428 3224 nobis
1442 3166 1526 3223 salus.
1541 3165 1695 3222 'lassamus
1714 3165 1795 3238 igitur
1811 3180 1916 3222 sacram

1119 3271 1263 3327 orreorum,
1282 3266 1311 3314 et
1331 3257 1400 3315 deut
1415 3257 1444 3314 in
1460 3269 1580 3330 tempore
1591 3259 1770 3331 periculorum
1790 3272 1841 3315 nos
1861 3272 1917 3314 non

1119 3349 1247 3421 prodidit,
1261 3351 1301 3406 sic
1313 3365 1401 3421 oeque
1413 3365 1464 3407 nos
1477 3350 1563 3421 ipsam
1574 3350 1602 3406 in
1616 3359 1737 3422 ternpore
1748 3349 1917 3406 remissionis

1120 3442 1320 3514 relinquamus:
1341 3443 1390 3499 sed
1413 3458 1475 3500 curn
1497 3457 1560 3499 nura
1580 3457 1744 3508 maneamus,
1756 3451 1785 3498 et
1798 3439 1918 3512 quotidie

1120 3533 1249 3591 iaciamus
1268 3545 1418 3590 mutuatus
1439 3548 1601 3606 precesque,
1617 3534 1759 3604 diuinaque
1776 3522 1918 3589 audiamus

1122 3624 1247 3696 eloquia:
1263 3635 1290 3680 et
1303 3625 1376 3698 quod
1387 3624 1611 3705 impendebamus
1627 3625 1711 3680 otium
1725 3632 1877 3695 satagentes
1889 3630 1918 3678 et

1120 3720 1227 3776 curiose
1239 3721 1415 3788 sciscitantes,
1425 3734 1442 3775 e
1452 3718 1548 3775 castris
1557 3719 1692 3790 proiectos
1702 3718 1917 3773 circumcurren-

1120 3821 1171 3880 tes,
1187 3808 1408 3883 proinstantibus
1421 3811 1501 3867 malis
1514 3827 1606 3868 curam
1620 3819 1753 3882 gerentes,
1768 3795 1820 3866 boc
1830 3819 1917 3865 toturn

1121 3906 1225 3963 divinas
1245 3907 1318 3978 leges
1337 3905 1472 3962 audiendo
1492 3904 1695 3990 impendamus,
1713 3916 1767 3959 uon
1786 3911 1875 3958 autem
1890 3903 1918 3957 in

1122 3999 1289 4068 importunas
1310 4009 1338 4054 ct
1361 3997 1469 4054 inutiles
1489 3996 1712 4062 exercitationes,
1727 4011 1763 4050 ne
1780 4009 1872 4066 rursus
1889 3995 1918 4050 in
2000 4037 2004 4044 .

1120 4091 1194 4153 illius
1205 4090 1306 4162 negotii
1318 4092 1507 4146 necessitatem
1520 4075 1570 4146 nos
1584 4089 1657 4160 ipsos
1668 4089 1830 4160 redigamus.

1155 4184 1184 4240 Ξ.
1199 4184 1294 4240 Tribus
1308 4183 1387 4256 igitur
1401 4183 1542 4255 praeteritis
1554 4182 1647 4238 diebus
1659 4197 1741 4237 unum
1754 4181 1921 4252 cognitionis

1122 4278 1170 4336 llei
1183 4279 1292 4336 modium
1305 4279 1500 4350 querebamus,
1513 4277 1653 4348 ipsumque
1668 4277 1694 4333 in
1707 4276 1787 4332 duem
1801 4275 1918 4333 deduxi·

1122 4385 1195 4436 mus,
1210 4370 1435 4440 interpretantes,
1455 4369 1589 4440 quonrodo
1607 4368 1670 4424 Geli
1683 4378 1790 4424 rrorrant
1809 4369 1920 4442 glorium
1956 4399 1959 4402 -

1121 4460 1171 4516 liet
1184 4459 1274 4533 (Prot.
1290 4461 1332 4517 tu.
1348 4457 1385 4534 Ξ)
1397 4477 1404 4514 :
1418 4471 1445 4518 et
1459 4462 1537 4534 quale
1550 4459 1656 4516 tandem
1670 4463 1705 4517 sit
1716 4461 1788 4518 Pauli
1803 4453 1917 4528 dictdm,

1121 4553 1264 4610 inuisibilia
1274 4554 1594 4626 ipsiusucreuternmuadi
1605 4559 1920 4628 perambularemus,

1121 4643 1249 4700 intellectu
1262 4648 1452 4717 conspiciuntur
1465 4644 1475 4718 (
1486 4645 1562 4700 linat.
1580 4648 1605 4702 l.
1620 4646 1675 4717 20)
1690 4664 1697 4700 :
1712 4655 1739 4703 et
1750 4645 1921 4703 demonstra-

1122 4737 1228 4806 uimus,
1242 4737 1376 4809 quomodo
1388 4754 1404 4792 a
1417 4748 1538 4794 ereatura
1552 4736 1663 4800 muudi,
1680 4748 1708 4795 et
1719 4738 1855 4809 quomodo
1871 4753 1921 4808 per

1122 4829 1219 4901 eaelum
1232 4839 1260 4886 et
1273 4838 1371 4886 terram
1385 4839 1413 4886 et
1432 4846 1506 4887 mare
1524 4813 1629 4886 creator
1640 4830 1814 4902 glorificatur.
1834 4828 1922 4887 Hodie

1121 4938 1186 4979 vero
1196 4922 1334 4999 paulisper
1343 4924 1369 4980 iu
1379 4922 1448 4979 banc
1457 4938 1563 4981 rursum
1574 4922 1754 4995 pltilosopbnti
1766 4924 1919 4991 materiam,

1123 5016 1157 5072 ad
1180 5017 1260 5070 alium
1273 5013 1452 5091 transibimus
1472 5029 1624 5071 sermonem
1639 5033 1646 5070 :
1662 5029 1714 5070 non
1731 5017 1803 5070 enim
1817 5021 1921 5069 uatum

1123 5109 1186 5170 iecit
1196 5108 1333 5175 muudum,
1346 5108 1394 5165 sed
1404 5109 1484 5165 etiam
1496 5118 1523 5164 ut
1537 5110 1622 5164 lactus
1635 5117 1801 5180 operaretur,
1813 5105 1920 5163 edocit:

1123 5217 1211 5274 neqm
1224 5211 1309 5258 totum
1323 5199 1484 5257 immobilem
1500 5199 1637 5257 dimittens
1650 5242 1658 5268 ,
1672 5214 1760 5270 neque
1774 5207 1859 5253 totum
1873 5196 1921 5268 ju-

1124 5297 1192 5354 bens
1205 5293 1325 5358 moreri,
1342 5295 1388 5348 sed
1403 5293 1498 5348 calum
1513 5292 1621 5364 quidem
1636 5295 1777 5348 immotum
1792 5306 1921 5362 perman·

1123 5389 1170 5456 sit,
1183 5388 1252 5446 siout
1264 5384 1392 5458 propbeta
1407 5385 1493 5454 iuquit
1507 5403 1513 5441 :
1528 5385 1578 5452 Qut
1592 5385 1678 5440 statuit
1690 5384 1780 5438 celum
1793 5393 1921 5452 tentonem

1124 5480 1285 5543 antudinam,
1299 5486 1321 5531 ct
1335 5476 1444 5532 extendit
1457 5477 1542 5549 iprum
1554 5485 1683 5548 tamqnam
1698 5473 1832 5532 tentorium
1846 5487 1926 5545 super

1124 5585 1217 5632 mom
1228 5570 1311 5646 (lsai.
1322 5570 1365 5626 io.
1376 5569 1429 5641 ἢ)
1443 5587 1450 5626 :
1465 5570 1505 5625 sol
1517 5586 1581 5626 uero
1591 5585 1652 5627 crim
1667 5571 1776 5643 reliquis
1788 5567 1922 5625 sideribus

1123 5661 1362 5744 quotidiecurrlt:
1378 5670 1405 5716 et
1419 5677 1526 5718 rursum
1541 5671 1612 5718 terra
1627 5662 1679 5718 lixa
1694 5671 1752 5727 est,
1766 5654 1924 5734 aquierere

275 5769 391 5826 reddidit
405 5768 475 5824 Deus
489 5767 713 5838 tranquillitatem.
731 5765 769 5821 Ne
783 5765 863 5836 igitur
876 5762 1068 5820 obliviscamur
1127 5777 1236 5834 semper
1247 5765 1390 5832 morentur
1402 5774 1412 5813 a
1426 5771 1477 5814 nec
1488 5771 1565 5832 aqua
1578 5765 1701 5834 motum,
1716 5753 1764 5812 scd
1776 5763 1804 5811 et
1818 5753 1923 5820 nubes,

276 5861 465 5931 magnitudinis
480 5861 626 5929 malorum,
643 5858 875 5918 ut-benellcioruna
887 5872 905 5915 a
916 5855 971 5916 beo
983 5851 1068 5912 colla·
1081 5888 1114 5957 ἐῢ
1124 5865 1154 5915 et
1167 5855 1271 5914 imbres
1285 5851 1439 5926 trequentes
1458 5859 1487 5910 et
1506 5833 1795 5941 omnitempore
1815 5847 1923 5922 propria
