4142 6342
308 341 340 402 ss
1059 314 1244 378 PRAEFATiO
1924 325 1961 390 12

307 453 426 518 dictans
446 450 558 515 luisse.
572 447 694 508 Verum
714 439 872 504 reclamat
894 439 1157 521 chrysostomus,
1173 439 1228 519 qui
1252 439 1444 505 testificatur
1457 439 1551 506 initio
1566 460 1601 508 se
1614 455 1727 528 nuper.
1750 463 1817 512 non
1829 451 1908 525 hesi,
1923 456 1959 520 in

306 535 410 598 illud:
432 533 473 596 ln
483 526 646 612 principio
656 522 736 666 lecit
748 523 830 584 Dens
846 519 952 584 celum
966 527 994 582 et
1009 528 1135 589 terram,
1152 522 1251 584 verba
1265 521 1390 597 iecisse,
1405 523 1491 602 quod
1504 525 1591 588 haud
1605 527 1702 592 dubie
1722 530 1763 594 ad
1775 531 1958 613 homiliam,

306 616 477 694 septimam
492 609 641 690 pertinet.
673 608 770 682 taque
787 605 836 665 est
854 602 909 666 illa
923 602 956 662 in
972 603 1147 664 sabbatum
1160 601 1356 665 conterenda
1371 647 1380 678 ,
1395 603 1482 682 quod
1505 607 1603 669 etiam
1617 609 1712 673 nobis
1728 612 1869 675 suadent
1889 614 1958 681 broc

305 697 406 760 verba
419 692 526 756 statim
541 691 614 767 post
626 684 775 754 initium,
789 682 839 745 Ad
857 684 948 776 finem
959 680 1052 742 nobis
1073 681 1195 746 deuenit
1210 679 1384 745 hehdonms.
1398 685 1633 765 Argumentum
1653 690 1797 755 homiliae
1809 692 1899 757 ducit
1916 697 1959 760 ab
1998 685 2004 711 ⁸

305 775 357 837 his
373 773 479 837 verbis
495 791 503 830 e
519 761 741 830 Deambntabat
756 765 838 825 Dens
850 779 887 825 sn
909 761 1062 843 paradiso
1075 761 1113 822 in
1126 761 1265 825 meridie.
1278 763 1362 825 llinc
1375 764 1507 843 pavidos
1524 765 1817 852 formidolosasque
1830 792 1960 854 semper

306 871 379 917 esse
392 851 522 930 impios,
541 848 612 929 pius
626 850 734 910 autem
749 842 865 906 fiducia
878 843 992 935 plenos
1007 841 1095 905 dicit.
1107 843 1243 904 hemum
1257 861 1318 923 pro
1340 845 1574 909 consuetudine
1588 847 1627 910 de
1639 848 1833 930 juramentis
1851 855 1960 919 vitan·

306 935 355 996 dis
370 934 447 1010 agit,
464 933 659 1006 sextumque
671 925 738 1006 jam
755 923 841 986 diem
856 929 901 986 art
916 939 987 984 esse
1001 940 1068 1002 quo
1084 922 1124 985 de
1139 924 1297 986 servanda
1319 923 1505 1006 hujusmodi
1520 926 1550 990 11
1573 928 1769 995 eadmonet.

345 1010 517 1074 Humiliam
540 1024 661 1071 nonam
688 1006 721 1066 in
737 1003 851 1068 leriam
870 1002 1046 1066 secundam
1066 1001 1216 1066 secunde
1238 1003 1447 1067 hebdomadis
1472 945 1734 1090 Quatiragesimas
1748 1013 1960 1092 probabiliter

306 1091 438 1172 conjicit
459 1087 696 1151 Tillemontius.
718 1085 787 1146 Hac
803 1084 841 1145 de
868 1101 904 1145 re
917 1100 994 1146 vero
1009 1081 1103 1146 nulla
1123 1089 1289 1161 comparet
1309 1089 1386 1147 nota
1401 1102 1467 1165 qua
1483 1095 1540 1149 aut
1553 1095 1678 1151 eertum
1698 1097 1757 1154 aut
1776 1093 1956 1159 verisimile

304 1170 471 1251 quidpiam
497 1173 690 1231 statuamus.
706 1165 825 1226 Habita
840 1169 949 1226 autem
964 1163 1024 1225 luit
1044 1164 1113 1226 hac
1125 1164 1238 1226 concio
1261 1168 1333 1245 post
1349 1164 1515 1227 silentium
1528 1167 1628 1231 unius
1643 1169 1696 1232 nel
1710 1171 1853 1252 plurium
1881 1175 1956 1239 dic-

304 1270 391 1324 rum,
407 1255 445 1312 ut
459 1249 553 1311 initio
570 1243 1001 1325 disertaaitcbrysoslomus
1016 1263 1024 1303 ε
1041 1247 1155 1306 contra
1171 1260 1270 1337 quam
1285 1245 1440 1324 opinatur
1452 1247 1691 1324 Tillemontius,
1706 1251 1764 1330 qui
1777 1270 1851 1315 cum
1867 1259 1957 1319 ocia-

305 1349 381 1394 ram
397 1330 429 1391 in
446 1329 559 1392 teriam
581 1331 705 1390 sermm
721 1324 883 1405 conjiciat,
899 1328 931 1386 et
946 1341 1066 1386 nonam
1081 1323 1116 1384 in
1130 1323 1244 1386 lernam
1257 1323 1432 1388 secundam
1446 1326 1655 1392 hebdomadis
1668 1347 1683 1392 s
1726 1333 1846 1406 uentis,
1862 1335 1908 1397 ait
1921 1335 1955 1397 in

305 1411 382 1474 Vita
396 1408 635 1492 chrysostomi,
652 1411 713 1469 art.
734 1404 783 1478 15,
799 1404 1007 1483 interpositas
1022 1403 1148 1467 sabbati
1164 1409 1196 1465 et
1206 1404 1382 1467 Dominicis
1396 1404 1463 1468 dies
1479 1405 1578 1471 luisse
1599 1408 1686 1473 haud
1724 1412 1801 1474 ubic
1814 1412 1955 1496 chryso·

304 1492 399 1554 stomi
420 1489 631 1553 conoionibus
648 1485 916 1566 insignitumque
931 1485 1103 1547 conciones
1113 1482 1185 1578 jam
1199 1484 1326 1546 amissa
1339 1484 1469 1547 tuerint.
1483 1487 1528 1549 Po
1550 1489 1642 1550 ulum
1655 1496 1766 1553 autem
1779 1492 1953 1557 Antioche-

303 1589 384 1634 nuur
396 1570 509 1633 laudat
522 1568 614 1630 initio
627 1566 887 1648 chrysostomus,
903 1564 990 1643 quod
1009 1563 1140 1625 monitus
1161 1563 1229 1626 suis
1247 1565 1506 1645 obtemperantes
1520 1503 1560 1631 tie
1579 1569 1738 1649 abigenda
1760 1569 1952 1636 'uramento

303 1669 377 1713 rum
394 1647 629 1713 consuetudine
651 1649 815 1709 curarent.
841 1645 878 1706 ln
905 1644 974 1707 hec
986 1644 1061 1706 item
1084 1645 1194 1717 verba,
1210 1643 1284 1707 Ceti
1298 1652 1447 1707 enarrant
1462 1646 1597 1727 pieriam
1610 1649 1680 1725 Dei,
1693 1667 1727 1710 m
1764 1655 1797 1714 ta
1816 1651 1904 1729 dicit,
1920 1657 1953 1716 et

301 1731 361 1794 Ilei
375 1727 608 1810 providentiam
623 1727 656 1788 in
669 1743 779 1788 rorum
794 1723 993 1787 naturalium
1006 1722 1119 1786 ordine
1133 1727 1233 1802 atque
1248 1730 1409 1789 concentu
1421 1726 1574 1806 praedicat
1590 1748 1598 1788 ι
1622 1727 1818 1810 demumque
1833 1731 1954 1798 claudit

302 1812 484 1874 orationem
498 1806 659 1870 monendo
673 1810 710 1868 ut
727 1803 947 1885 ajuranrentis
963 1803 1177 1867 abstineatur.

344 1891 485 1952 Humilia
500 1887 624 1951 decima
637 1903 704 1948 non
718 1885 770 1948 die
787 1901 907 1947 nonam
921 1884 1114 1963 insequente
1127 1884 1239 1948 habita
1249 1883 1328 1960 luit,
1351 1884 1427 1948 licet
1440 1886 1525 1950 idem
1541 1894 1761 1969 prosequatur
1777 1907 1953 1986 argumen-

302 1975 384 2046 tum,
398 1977 436 2032 ut
445 1986 524 2034 vuoe
536 1984 638 2048 nnper
652 1965 824 2029 indicatur.
842 1964 1052 2027 auditoribus
1067 1968 1175 2027 antem
1189 1965 1372 2044 gratulatur
1385 1965 1634 2049 chrysostomus
1644 1968 1731 2049 quod
1742 1972 1874 2036 monitis
1883 1974 1952 2038 suis

303 2051 606 2130 obtemperaverint.
622 2048 733 2128 Longe
755 2049 909 2124 praestare
934 2045 980 2108 ait
999 2046 1136 2107 verbum
1152 2043 1209 2106 Dei
1232 2045 1347 2108 audire
1369 2063 1468 2125 quam
1484 2047 1634 2128 jejunare
1660 2069 1668 2109 ι
1694 2051 1811 2129 probat
1838 2050 1953 2117 deinde

302 2131 459 2193 mundum
474 2130 543 2192 sine
557 2128 615 2193 Dei
627 2125 829 2206 providentia
841 2130 928 2188 stare
942 2140 1007 2185 non
1022 2141 1129 2204 posse.
1139 2125 1328 2203 Desinitque
1340 2124 1468 2188 demum
1481 2128 1681 2192 cohortando
1690 2133 1728 2192 ut
1737 2123 1952 2211 ajuramer’rtis

304 2211 518 2273 abstineatur.

291 2347 293 2353 .
344 2291 518 2354 Romiliam
533 2289 737 2352 undecimam
749 2289 842 2367 putat
856 2285 1082 2349 Tillemontius
1099 2284 1242 2348 habitam
1256 2284 1356 2348 inisse
1390 2291 1521 2351 osteam
1534 2305 1607 2368 qua
1625 2289 1877 2371 decimaquinta
1903 2293 1951 2356 in·

306 2369 567 2444 scribiturinira,
582 2385 709 2432 necnon
726 2372 799 2446 post
818 2369 1007 2445 sequentem
1023 2365 1180 2427 decimam
1205 2370 1331 2427 sextam
1348 2305 1434 2429 :Koa
1446 2373 1554 2431 autem
1573 2371 1743 2432 ratiocinio
1756 2372 1860 2434 utitur
1873 2373 1950 2436 ille:

301 2450 339 2513 ln
351 2469 401 2525 ea,
414 2451 531 2530 inquit,
550 2449 697 2523 homilia,
710 2448 748 2510 de
763 2445 915 2526 periculis
939 2449 972 2508 et
991 2444 1144 2507 aerumnis
1162 2445 1280 2523 quibus
1301 2445 1369 2524 jam
1391 2445 1501 2511 iuncta
1518 2449 1632 2511 ciuitas
1650 2451 1853 2514 Antiocheae
1868 2457 1950 2529 erat,

304 2531 537 2674 astitisti
549 2524 1578 2688 1111111111111111111111111
1589 2529 1951 2691 ¹i¹ii¹ii⁰im⁸⁶iii¹ii

1366 2649 1374 2678 ‚
1699 2656 1702 2662 .

298 2705 390 2752 nunc
402 2691 541 2770 agimus,
558 2692 767 2750 memoratur.
783 2686 958 2748 Hoclultus
974 2688 1167 2765 argumento
1180 2683 1418 2758 Tillemontius,
1431 2704 1497 2748 non
1509 2688 1605 2750 modo
1619 2687 1776 2752 decimam
1788 2655 1950 2770 q'uintam,

300 2768 357 2831 scd
370 2770 468 2832 ctiam
483 2767 639 2830 decimam
654 2769 865 2860 sextamaate
875 2763 1080 2854 undecimam
1095 2763 1265 2858 locandam
1278 2781 1350 2827 esse
1364 2771 1467 2844 putat.
1484 2771 1536 2840 At,
1550 2775 1767 2862 preterquam
1781 2771 1941 2849 quodom-

299 2842 1949 3014 thistritiithtittitiiihiiiiii{chintiliitttttsaitahcttttit

299 3005 424 3086 aliquid
439 3008 472 3068 in
487 3005 600 3067 ordine
622 3004 813 3068 mutandum
838 3019 1042 3065 censeamus.
1060 3001 1161 3064 hiulta
1190 3001 1270 3063 dixit
1294 3001 1556 3095 chrysostomus,
1572 3005 1719 3086 sorteque
1734 3008 1837 3071 multo
1851 3009 1947 3090 plura

299 3086 411 3151 tacuit.
426 3086 645 3162 Quamobrem
657 3085 760 3146 donec
778 3083 855 3164 quid
871 3075 990 3145 certius
1005 3084 1161 3160 emergat,
1179 3081 1286 3160 prisco
1299 3081 1405 3142 ordini
1417 3085 1568 3146 standum
1584 3091 1748 3166 putamus.
1759 3087 1797 3151 ln
1812 3086 1874 3151 hae
1888 3088 1946 3171 igi·

299 3171 354 3229 tur
367 3166 502 3231 homilia
515 3164 673 3244 principio
690 3164 811 3245 gratias
827 3163 894 3243 agit
908 3161 1172 3242 chrysostomus,
1186 3159 1273 3238 quod
1288 3161 1400 3224 civitas
1416 3163 1458 3224 ab
1468 3163 1614 3234 immisso
1629 3168 1948 3264 terrorerespirare·

298 3247 364 3321 rit;
381 3264 423 3308 ex
438 3246 564 3326 injectis
577 3245 698 3324 quippe
713 3243 954 3322 suspicionibus
972 3240 1135 3320 perterriti
1150 3255 1250 3319 quam
1264 3240 1396 3320 plurimi
1408 3241 1487 3304 autu
1510 3253 1621 3319 erant3
1636 3245 1699 3308 hoc
1712 3248 1906 3312 calamitatis
1916 3253 1947 3312 et

297 3327 434 3390 terroris
449 3334 594 3408 tempore
615 3325 742 3402 aliquot
757 3324 869 3386 diebus
883 3321 985 3384 tactui
999 3320 1262 3400 chrysostomus,
1278 3325 1314 3382 ut
1328 3322 1397 3398 ipse
1411 3323 1468 3384 ait.
1513 3340 1576 3388 anc
1591 3343 1668 3390 vero
1685 3327 1854 3392 homiliam
1870 3346 1944 3392 con·

297 3405 367 3489 11111
381 3405 604 3469 Tillemontius
620 3405 653 3466 iu
669 3404 782 3480 leriam
799 3401 974 3466 secundam
987 3405 1111 3479 quarte
1123 3399 1330 3462 hebdomadis
1341 3401 1470 3476 Quadra
1494 3404 1614 3474 asima,
1627 3411 1659 3468 et
1673 3407 1805 3486 quidem
1814 3408 1946 3488 optime,

297 3488 336 3548 ut
347 3486 388 3550 ad
400 3485 565 3547 homiliam
580 3483 738 3548 decimam
750 3483 877 3546 tertiam
892 3422 1945 3574 1111111.1111111ι11111111111111ἷο111111(11111111111111111

297 3565 440 3628 hominis
454 3563 694 3640 constitutione,
710 3564 785 3626 etin
802 3562 866 3624 line
879 3560 918 3623 de
929 3560 1062 3623 vitando
1071 3563 1269 3639 puramente.
1823 3601 1827 3609 .
1844 3595 1847 3599 -

339 3645 569 3708 Duodecimum
582 3645 659 3706 item
681 3647 713 3705 et
726 3643 883 3705 decimam
897 3640 1038 3714 tertiam,
1054 3645 1128 3718 post
1140 3638 1298 3702 decimam
1318 3641 1467 3719 quintam
1482 3648 1513 3706 et
1521 3645 1680 3709 decimam
1693 3652 1820 3712 sextam
1832 3648 1945 3713 eadem

321 3742 367 3788 ua
383 3743 482 3804 supra
497 3723 535 3788 de
550 3740 650 3788 causa
663 3722 767 3804 rejicit
780 3720 1018 3784 Tillemontius.
1034 3719 1076 3781 ht
1096 3719 1205 3781 nescio
1225 3737 1292 3798 quo
1307 3727 1402 3799 pacto
1419 3723 1579 3805 intelligat
1590 3724 1669 3789 illud
1684 3728 1717 3789 in
1733 3729 1795 3792 hac
1809 3728 1945 3794 homilia

297 3744 487 3868 duodecima
500 3823 533 3866 n.
543 3803 583 3863 2:
599 3799 710 3865 Tribus
726 3802 829 3881 iyitnr
837 3799 1009 3880 preteritis
1022 3797 1129 3861 diebus
1142 3817 1241 3861 annm
1253 3802 1446 3878 cognitionis
1459 3804 1520 3867 Dei
1532 3805 1657 3868 madum
1669 3807 1947 3890 querebanamp-

297 3903 424 3966 snmqne
442 3885 479 3947 in
493 3887 583 3965 finem
596 3881 793 3952 deduximus,
812 3881 1063 3960 interpretantes,
1079 3879 1232 3960 quomado
1247 3879 1322 3942 Caeli
1336 3888 1493 3946 enarrant
1507 3885 1645 3966 gloriam
1658 3886 1716 3949 Dei
1734 3908 1743 3949 2
1757 3897 1786 3951 et
1800 3889 1890 3970 quate
1902 3888 1947 3950 sit

297 3963 397 4028 Ponti
418 3963 547 4032 dictam,
565 3961 745 4026 Invisibilia
757 3960 859 4040 ipsius
875 3977 895 4022 a
918 3963 1070 4022 creatura
1086 3959 1197 4021 mundi
1212 3977 1271 4038 per
1292 3977 1427 4040 eaquae
1441 3964 1624 4036 factasunt,
1641 3967 1804 4032 intellecta
1816 3970 1946 4049 conspi-

298 4044 429 4107 ciuntur
445 4065 453 4104 :
475 4051 504 4106 et
518 4041 798 4106 demonstrauimus
816 4039 970 4122 quomado
991 4057 1012 4101 a
1034 4047 1180 4101 ereatura
1192 4040 1314 4108 mnndi,
1330 4043 1527 4122 ecquomodo
1548 4062 1609 4125 per
1623 4047 1731 4109 eninm
1744 4055 1773 4109 et
1787 4056 1903 4109 terram
1916 4055 1947 4111 et

297 4142 381 4186 mure
396 4122 751 4215 Creatorlplarifiaetnr.
767 4120 874 4183 Hodie
889 4137 975 4188 nero,
992 4124 1053 4182 etc.
1069 4119 1130 4181 llic
1154 4120 1270 4191 seriem
1291 4121 1390 4182 trium
1403 4121 1613 4186 homiliarum
1627 4126 1715 4190 clare
1727 4125 1821 4190 aiiert
1834 4127 1947 4210 Chry-

297 4210 472 4276 sostomus‚
489 4220 555 4282 quo
570 4201 683 4264 ordine
696 4202 813 4264 habite
827 4200 956 4263 inerant
969 4203 1046 4262 ante
1058 4198 1280 4262 duodecimam
1293 4221 1301 4260 :
1315 4219 1430 4281 nempe
1444 4218 1549 4277 nonu,
1562 4204 1694 4269 decima
1709 4212 1741 4270 et
1754 4207 1944 4278 undecima.

296 4283 334 4346 ln
351 4301 437 4346 nona
460 4301 549 4348 num.
568 4281 829 4361 sargumentum
842 4279 999 4342 orationis
1015 4281 1107 4359 ponit
1120 4278 1182 4341 hoc
1193 4280 1284 4342 Pauli
1297 4279 1430 4356 dictum,
1445 4283 1627 4348 Invisibilia
1640 4287 1754 4380 ipsine,
1770 4293 1844 4365 etc,
1860 4291 1891 4350 et
1901 4286 1947 4349 il-

295 4363 355 4427 lud
374 4364 588 4436 Psalmorum,
605 4361 681 4423 Ceti
694 4367 845 4424 enarrant
860 4359 995 4440 pierium
1011 4359 1093 4420 Dei.-
1109 4358 1142 4418 in
1156 4357 1281 4422 decima
1294 4359 1370 4422 item
1388 4379 1478 4424 num.
1492 4363 1512 4424 c
1525 4381 1560 4426 se
1572 4366 1634 4428 hoo
1649 4384 1756 4445 rpsnm
1770 4383 1946 4448 argumen-

297 4448 368 4506 tum
384 4441 533 4523 persequi
548 4441 714 4504 declarat:
730 4441 763 4502 in
776 4439 947 4503 undecima
959 4457 1092 4518 quoque
1102 4453 1195 4530 num.
1211 4437 1232 4496 2
1248 4456 1282 4526 se
1297 4439 1400 4501 eidem
1421 4449 1614 4522 argumento
1631 4446 1783 4508 insistere
1793 4447 1946 4510 testifica-

214 4527 217 4532 ’
295 4530 362 4585 tur.
382 4527 500 4585 Annon
521 4522 743 4602 chrysostomi
757 4520 849 4583 dictis
864 4520 936 4583 vim
956 4518 1054 4579 iniert
1073 4516 1310 4590 Tillemontrus‚
1335 4535 1408 4579 cum
1420 4520 1576 4585 decimam
1595 4522 1680 4586 inter
1694 4531 1726 4587 et
1739 4525 1946 4589 undecimam

294 4605 367 4668 vult
381 4603 527 4666 interseri
544 4601 701 4666 decimam
715 4601 863 4681 quintam
874 4607 905 4661 et
918 4598 1208 4660 decimamsextam
1220 4597 1278 4658 ild
1292 4602 1400 4660 autem
1415 4600 1470 4662 ille
1482 4600 1855 4668 subdubitandotantum
1868 4622 1946 4685 pro·

293 4683 433 4764 ponitin
447 4688 524 4746 nota
536 4682 576 4743 19
590 4682 629 4754 ad
643 4681 862 4744 Theodosium
882 4680 1111 4756 imperatorem
1129 4693 1162 4736 n.
1185 4676 1235 4751 10,
1251 4677 1287 4737 11
1303 4681 1336 4749 et
1350 4695 1455 4759 seqq,
1470 4679 1655 4762 fateturque
1668 4703 1755 4760 eum,
1772 4703 1869 4765 quem
1883 4703 1944 4749 nos

294 4764 482 4838 statuimus,
497 4763 642 4825 ordinem
659 4763 748 4826 clare
762 4779 781 4825 a
794 4760 1024 4840 Chrysostomo
1035 4755 1183 4829 indicari,
1200 4756 1253 4818 sed
1267 4758 1376 4819 nescio
1389 4777 1455 4841 quo
1465 4765 1559 4839 pacto
1572 4763 1733 4827 abeodem
1747 4766 1819 4844 ipso
1829 4765 1946 4828 ordine

291 4849 410 4924 postca
425 4843 575 4908 discedat.
592 4841 750 4904 craterum
777 4856 851 4902 cum
865 4837 940 4898 dicit
952 4835 1214 4918 chrysostomus,
1231 4835 1331 4900 tribas
1350 4840 1653 4916 preteritisdiedns,
1670 4863 1736 4907 non
1752 4845 1954 4926 intelligitur

292 4923 333 4987 de
346 4925 449 4990 tribus
464 4925 578 4988 diebus
599 4920 886 5000 consequentibus,
910 4915 967 4979 sed
981 4915 1019 4978 de
1035 4917 1139 4978 tribus
1154 4919 1326 4994 postremis
1347 4919 1474 4994 diebus,
1489 4922 1608 5000 quibus
1628 4929 1705 4988 ante
1731 4925 1944 4988 concionatus

293 5011 378 5068 arat.
394 5007 430 5068 ln
445 5006 507 5068 hac
520 5006 597 5066 item
612 5001 748 5062 homilia
761 4997 810 5069 12,
827 5014 901 5076 quas
917 4996 1027 5059 habita
1042 4997 1103 5058 luit
1116 4995 1196 5059 ieris
1208 4997 1304 5060 tertia
1318 5004 1443 5077 quartae
1460 5000 1692 5079 hebdomadis,
1707 5005 1811 5068 eidem
1822 5005 1944 5069 insistit

292 5082 481 5166 hypothesi,
496 5082 535 5144 de
552 5081 713 5158 sapientia
724 5078 781 5139 Dei
798 5079 831 5138 in
847 5075 958 5138 mundi
973 5075 1122 5156 opifici03
1139 5081 1253 5155 postea
1273 5077 1341 5159 agit
1353 5078 1392 5141 de
1410 5081 1485 5160 y‘ure
1499 5084 1655 5160 naturali,
1671 5085 1766 5166 cujas
1779 5085 1945 5166 cognitio-

292 5182 373 5228 nem
386 5167 473 5227 Deus
487 5159 610 5222 homini
624 5156 750 5230 indidit,
763 5156 869 5235 deque
878 5155 1066 5235 juramento
1076 5156 1218 5218 citando.

336 5245 500 5306 Decimam
512 5238 640 5301 tertiam
657 5237 825 5299 homiliam
843 5237 926 5299 dixit
937 5236 1092 5315 postridie
1114 5234 1347 5301 duodecimam.
1370 5240 1599 5338 Principioqne
1614 5245 1734 5324 gratias
1745 5245 1812 5326 agit
1824 5245 1890 5308 Deo
1904 5245 1945 5310 de

295 5327 422 5386 mutata
436 5336 545 5382 rerum
559 5318 650 5392 iacie,
665 5318 860 5396 sublatoque
872 5323 971 5394 metu,
986 5318 1043 5396 qui
1067 5321 1178 5380 tantus
1195 5316 1311 5393 iuerat,
1326 5321 1525 5392 uicinitatis,
1542 5324 1660 5404 iuquit,
1673 5324 1776 5406 major
1790 5343 1866 5405 pure
1873 5341 1946 5406 pre

297 5402 407 5464 timore
432 5406 460 5460 et
476 5399 713 5462 comminutione
724 5396 781 5460 itta
803 5396 844 5458 ad
865 5397 985 5460 deserto
998 5403 1025 5458 et
1039 5398 1143 5480 [ancer
1157 5397 1310 5460 muntium
1322 5409 1351 5461 et
1365 5402 1489 5464 oeenitu
1503 5403 1645 5466 tororum
1658 5404 1941 5484 transmigraverit.

296 5481 380 5544 Hinc
392 5480 430 5542 de
450 5479 559 5541 multis
574 5478 614 5542 ad
627 5478 771 5540 tribunal
785 5476 942 5551 adductis,
961 5476 1000 5538 de
1014 5476 1162 5540 horribili
1177 5478 1289 5541 habita
1303 5482 1475 5545 verberum
1490 5488 1523 5544 et
1536 5481 1738 5564 flagellorum
1750 5486 1942 5563 quastione,

263 5559 265 5566 ’
296 5561 335 5622 (11
351 5559 422 5622 aliis
439 5560 478 5622 ad
491 5559 685 5638 supplicium
697 5559 849 5637 raptatis,
865 5557 904 5618 da
925 5563 1026 5618 matre
1039 5563 1071 5619 et
1091 5574 1204 5621 sorore
1216 5559 1398 5638 cujusdam,
1413 5561 1453 5622 de
1477 5579 1544 5642 quo
1561 5564 1650 5626 intus
1669 5564 1888 5645 indicabatur,
1901 5563 1944 5627 ad

294 5641 492 5704 ‘nestibulum
507 5641 540 5702 in
553 5642 685 5719 pulvere
700 5638 864 5700 volutatis.
874 5637 950 5699 llaec
960 5638 1119 5714 pathetice
1132 5637 1284 5702 describit
1296 5639 1557 5720 chrysostomus,
1574 5661 1648 5722 que
1661 5644 1773 5724 paucis
1787 5650 1862 5708 ante
1876 5645 1945 5706 die·

295 5722 370 5796 buS,
383 5721 504 5784 scilicet
524 5726 698 5800 antequam
715 5719 918 5782 undecimam
941 5717 1130 5780 concionem
1145 5718 1295 5793 haberet,
1310 5727 1400 5800 gesta
1415 5721 1555 5785 inerant.
1573 5723 1731 5786 ceterum
1746 5725 1834 5804 quod
1848 5724 1943 5785 initio

297 5801 394 5867 habet
415 5803 663 5885 chrysostomus
679 5822 686 5862 :
703 5801 831 5879 Qaatem
842 5797 951 5884 seriam
966 5804 1110 5878 quartam
1118 5802 1313 5879 preteritum
1329 5800 1475 5874 otdimns,
1492 5812 1520 5865 rt
1531 5803 1651 5890 qualem
1662 5813 1844 5887 presentem
1858 5802 1943 5868 atde·
