4142 6342
177 320 242 400 ,dli

183 456 216 530 et
235 448 283 505 tihi
301 446 381 506 laeile
398 462 430 505 ac
442 460 557 521 pronum
568 453 650 509 estet
662 446 796 519 ingentem
814 444 892 503 nobis
905 448 982 503 rolu-

182 550 290 617 ptatem
300 540 389 600 affert.
403 540 459 599 Nec
469 541 541 604 enim
556 550 583 599 te
598 539 680 613 iugit,
694 556 775 613 quam
789 551 891 614 gratam
904 540 983 599 nobis

183 652 247 709 rem
259 634 376 693 lactarus
385 634 433 703 sis,
449 634 499 705 bac
510 632 674 722 benignitate
686 649 718 691 ac
727 634 910 696 munificentia
918 650 982 709 erga

182 743 240 787 uos
253 738 338 786 utens.

211 940 215 945 Α
293 862 707 939 muas-oseem
723 821 886 939 norror.)

226 1002 296 1075 Quid
317 998 370 1060 boc
383 1016 444 1062 esse
455 1002 542 1061 dicam
553 1044 561 1071 ,
574 1000 645 1075 quod
658 1008 688 1058 ut
702 1001 855 1059 bominibus
869 1000 940 1071 tuis,
955 1000 983 1059 iu

126 1102 136 1111 ·
182 1094 221 1170 iis
235 1094 326 1164 rebus,
341 1094 370 1157 in
391 1095 486 1173 quibus
505 1110 599 1152 corum
615 1109 697 1167 opera
711 1093 789 1151 nobis
804 1109 871 1165 opus
890 1089 982 1160 luerit,

183 1188 317 1247 arbitratu
341 1198 433 1245 nostro
453 1188 635 1259 imperemus,
661 1186 739 1243 nobis
759 1184 939 1242 concessisti:
956 1184 983 1241 id

184 1295 279 1359 autern
292 1282 364 1357 quod
378 1290 539 1353 magnopere
548 1280 750 1351 expetebamus,
761 1277 839 1336 nobis
849 1278 982 1351 eripuisti,

183 1362 240 1431 boc
257 1382 309 1442 cst,
325 1374 417 1431 literas
431 1382 501 1440 tuas,
512 1389 572 1447 quae
585 1388 635 1430 nos
647 1373 683 1429 de
698 1381 741 1429 tua
759 1372 912 1430 valetudiue
921 1389 983 1429 cer·

183 1458 270 1525 'tiores
290 1464 428 1524 iacerenti
446 1466 488 1524 An
510 1468 598 1524 nescis
620 1466 672 1523 boc
693 1466 737 1537 iis,
765 1466 810 1541 qui
830 1465 982 1523 sincerissi-

182 1572 231 1617 me
244 1570 357 1630 amant,
381 1573 495 1635 summe
520 1576 593 1617 coras
614 1571 695 1635 atque
714 1559 854 1631 cupiditati
868 1575 940 1629 esse,
954 1570 985 1617 ut

183 1668 259 1711 ounc
271 1669 380 1729 quoque
394 1654 472 1712 nobis
483 1654 551 1712 esti
568 1654 748 1725 Quamobrem
766 1653 790 1712 si
807 1654 885 1711 nobis
900 1653 984 1726 grati·

184 1745 262 1807 beari
275 1756 318 1806 cst
328 1750 445 1817 animus,
457 1748 681 1806 reverendissime
697 1747 733 1804 mi
744 1746 864 1811 domine.
878 1745 983 1820 desine,

184 1857 289 1916 quasso,
303 1843 356 1900 tuis
365 1842 520 1899 bominibus
538 1843 673 1914 imperare
685 1884 693 1910 ,
710 1850 740 1897 ut
759 1839 838 1896 nobis
850 1840 876 1895 in
891 1840 924 1895 ils
936 1854 983 1895 re-

184 1936 248 2005 bus,
261 1936 471 2009 qsibnesrptrs
482 1935 736 2007 minamini:
753 1946 840 2005 neque
851 1933 924 1989 enim
939 1931 983 1988 bis

184 2030 269 2088 rebus
288 2028 438 2086 ullomodo
457 2028 625 2101 indigemus,
640 2028 738 2101 quippe
755 2042 819 2083 cum
833 2027 924 2083 omnia
936 2043 985 2083 nn-

185 2120 229 2180 bis
239 2122 351 2197 perinde
365 2130 445 2197 atquc
458 2136 473 2177 a
488 2118 682 2178 ionteaissuaut
694 2136 701 2186 ;
714 2136 808 2176 verum
822 2121 878 2193 ipse
892 2120 980 2175 maxi·

186 2208 261 2288 mum
281 2212 359 2271 nobis
383 2211 555 2285 Mrtcbciuot,
569 2210 694 2288 quodque
716 2213 846 2283 consequi
865 2226 984 2267 summo·

186 2324 253 2381 pere
264 2308 405 2381 cupimus,
419 2322 471 2380 per
484 2305 608 2377 exiguam
623 2305 743 2360 clrartum
759 2314 787 2359 et
804 2313 983 2360 atramentum

186 2385 288 2475 prebe.
300 2396 328 2456 ld
343 2414 424 2475 porro
438 2408 489 2467 est,
511 2407 540 2454 ut
553 2396 588 2455 de
608 2406 652 2453 tua
673 2396 807 2467 totiusque
821 2404 874 2451 tuae
888 2392 984 2451 donnus

188 2480 344 2553 iuemdtns
356 2508 406 2550 nos
420 2504 499 2567 quant
510 2489 658 2562 sepissime
669 2488 799 2546 certiores
812 2488 903 2545 iacias.
917 2486 983 2544 iiam

188 2583 214 2644 si
227 2585 285 2643 lieri
299 2591 401 2658 posset,
418 2590 448 2639 ut
460 2598 509 2640 uos
523 2598 631 2657 quoquc
645 2591 737 2639 mutuo
751 2596 897 2654 congressu
911 2578 985 2637 irue-

187 2695 292 2748 remur,
306 2678 388 2735 etiam
403 2677 517 2749 teipsum
530 2676 639 2734 eduino
649 2677 820 2745 excitassem,
833 2682 914 2747 atque
927 2688 985 2730 am·

190 2772 305 2862 piissimi
319 2768 443 2828 beneficii
458 2770 519 2826 loco
530 2754 620 2826 abs'te
637 2766 803 2841 petivissem,
824 2774 852 2822 ut
867 2776 894 2823 te
910 2774 985 2823 tanto

190 2865 278 2923 nostri
288 2879 379 2921 amore
394 2860 551 2935 bagrantmr
570 2862 656 2919 oculis
671 2876 779 2934 quoque
789 2875 903 2918 cernere
919 2860 984 2915 mibi

189 2956 293 3015 liceret.
307 2956 438 3025 Quoniam
450 2962 542 3011 autem
554 2952 707 3011 isaurorum
728 2962 816 3012 metus
831 2954 883 3011 boc
892 2952 984 3027 prout·

187 3048 266 3128 buit,
279 3049 339 3107 cam
356 3049 451 3110 saltem
464 3047 696 3127 corteniationem,
712 3064 792 3121 quam
813 3049 898 3106 literae
920 3046 986 3107 alle·

189 3153 262 3213 runt,
277 3144 386 3217 copiose
399 3142 477 3201 nobis
495 3141 585 3217 prebe
602 3159 610 3197 a
631 3141 712 3217 idque
726 3140 804 3199 uobis
824 3142 909 3199 instar
922 3156 984 3199 om·

190 3242 263 3309 nium
280 3248 341 3309 erut.

286 3371 418 3431 mil.
430 3372 581 3433 diruet·
596 3372 713 3447 (Gerasa
731 3386 806 3429 aeuo
814 3371 894 3446 tut.)

226 3510 357 3583 Equidem
378 3510 515 3567 dominum
536 3523 626 3565 mcum
639 3507 895 3566 reverendissimum
908 3523 985 3581 pres·

190 3605 313 3679 byturum
327 3605 467 3663 nobiscum
481 3618 542 3661 csse
556 3602 731 3660 veliementer
751 3603 841 3675 cupio.
860 3602 907 3661 Sin
933 3618 984 3661 au·

190 3709 244 3759 tem
265 3702 353 3772 ipsun
374 3700 443 3757 ista
464 3697 983 3771 pedciseieeusmodumseteeenses,

190 3812 252 3854 eum
277 3795 392 3868 periculi
419 3804 625 3862 motucarerc,
640 3803 720 3866 atque
733 3804 847 3869 urgente
869 3794 985 3853 tumultu

190 3890 308 3965 liberari,
319 3905 398 3963 quam
423 3888 467 3945 luc
490 3903 552 3945 esse
574 3888 655 3944 maio.
670 3886 852 3959 Quamobrem
871 3905 905 3944 nc
918 3888 985 3946 illud

192 3984 338 4053 mistiones,
347 3963 434 4057 ipsum
447 3999 463 4039 a
476 3982 553 4038 nobis
564 3980 711 4055 prohiberi,
725 3980 749 4037 si
762 3980 896 4056 prolicisci
908 3982 983 4042 relit.

191 4076 273 4135 Nobis
284 4077 354 4134 euim
370 4092 431 4132 curn
446 4075 535 4132 adbuc
547 4074 681 4131 retinendi
696 4089 776 4130 causa
792 4090 823 4131 ca
839 4074 897 4139 init.
912 4076 984 4149 quod

191 4166 289 4241 negotii
310 4176 405 4225 natura
425 4166 509 4239 ipsius
523 4166 694 4239 presentiam
708 4181 760 4220 non
783 4165 926 4223 admodum
941 4179 985 4224 re·

191 4262 329 4337 quireret:
345 4268 425 4335 atque
437 4260 501 4317 item
516 4274 560 4331 ea,
573 4260 645 4333 quod
660 4274 694 4316 ne
706 4258 732 4316 in
753 4254 908 4316 Isaurorum
928 4274 985 4315 nta-

192 4370 241 4415 uus
266 4352 336 4412 loric
358 4354 479 4423 caderet,
502 4364 694 4411 metueremus.
708 4352 787 4422 Quod
801 4354 823 4410 si
838 4370 899 4411 eum
916 4355 984 4412 istuc

192 4447 324 4521 proficisci
340 4456 393 4505 ιιιι
406 4448 485 4507 valde
498 4461 608 4505 necesse
621 4455 673 4515 est,
689 4461 750 4502 eunt
763 4455 790 4502 et
803 4462 944 4504 inuitemus
957 4456 985 4503 et

193 4539 339 4608 hortamur,
353 4549 383 4596 ut
404 4539 456 4597 iter
474 4540 611 4611 suscipiat.
627 4540 754 4607 Quamuis
776 4541 851 4595 enini
871 4554 984 4612 corpore

192 4631 373 4705 sejungamur,
387 4640 475 4689 tamen
491 4632 610 4689 caritatis
632 4632 747 4690 uinculis
760 4646 867 4704 semper
876 4646 937 4688 cum
951 4646 984 4689 eo

192 4722 310 4782 deuincti
321 4740 423 4782 sumus.
436 4724 475 4783 l'e
488 4736 578 4786 autem
597 4738 666 4795 oro,
680 4740 715 4782 uo
735 4725 798 4799 quid
812 4740 905 4782 earum
922 4740 983 4783 rno-

192 4816 339 4887 lestiarum,
352 4832 413 4893 quae
425 4818 561 4885 eveniunt,
582 4819 702 4874 animum
715 4827 789 4873 tuum
803 4803 981 4874 commoneat.

190 4906 256 4971 lium
271 4927 325 4983 quo
339 4910 431 4983 piures
444 4925 490 4968 res
501 4911 622 4968 adverse
636 4917 708 4979 suut,
723 4922 757 4966 eo
777 4924 884 4981 quoque
897 4908 984 4980 maior

192 5001 238 5061 tibi
259 5013 378 5081 questus
400 5015 482 5078 atque
504 5002 613 5064 uberior
632 5018 738 5060 merces
756 5018 771 5059 a
791 5004 906 5075 benigno
928 5002 984 5059 beo

192 5095 360 5170 rependetur,
372 5096 396 5153 si
410 5112 441 5153 ea
455 5113 517 5176 quar
538 5096 682 5167 accidunt,
697 5105 775 5168 grato
798 5105 834 5153 ac'
848 5107 982 5168 generoso

192 5186 281 5251 enimc
294 5186 375 5245 ieras.
388 5183 445 5245 ilac
458 5190 530 5247 enim
541 5190 645 5255 ratione
654 5200 681 5246 et
696 5194 753 5246 llaec
767 5189 871 5248 lucilius
882 5202 980 5260 super-

192 5281 230 5339 ari
242 5290 374 5355 poterunt,
387 5291 414 5340 et
426 5282 527 5340 iructus
541 5286 565 5341 is
586 5286 676 5357 quiex
692 5286 788 5343 liorum
806 5286 981 5361 perpessione

192 5388 222 5430 ac
233 5373 372 5432 tolerantia
382 5374 429 5431 tibi
443 5377 469 5431 in
484 5376 557 5433 caelis
571 5389 752 5450 comparatur,
763 5378 877 5451 amplior
896 5385 923 5434 ct
934 5392 982 5435 co·

192 5465 368 5541 subruit.
383 5468 526 5542 nalum
549 5472 636 5543 mele
661 5486 741 5543 aun
769 5470 935 5541 ιιιιῑιιιι
954 5480 982 5541 rt

192 5560 335 5630 erucuuu,
349 5576 419 5638 quos
439 5561 555 5623 subiisti.

411 5692 576 5767 ustor.
605 5698 765 5771 mmm.

220 5810 518 5917 ,poeninarum
531 5830 745 5904 rur-prinam
758 5830 977 5908 rogaturo-ton,

890 367 894 372 .
915 311 1106 403 perstate

1780 338 1833 406 dtu

1036 462 1087 505 uos
1102 457 1138 515 te,
1152 458 1280 521 qnantum
1296 450 1330 507 ad
1349 448 1489 531 capitatum
1503 453 1616 525 attinet,
1630 455 1658 513 ln
1672 470 1766 524 corum
1785 462 1831 533 qui

1036 540 1071 597 ad
1086 555 1136 597 nos
1155 553 1285 601 venerunt
1298 560 1413 601 numero
1432 560 1565 619 reponere
1584 556 1635 605 :et
1655 564 1726 609 nuuc
1738 553 1831 610 rursus

1036 629 1107 687 istud
1122 631 1210 701 ipsum
1224 633 1349 705 dicineus,
1362 636 1487 694 nimirum
1498 648 1526 695 tc
1543 638 1634 697 urtimo
1648 656 1681 698 ac
1691 642 1829 703 uoluntatc

1035 725 1153 782 uenisse.
1167 726 1243 797 Quod
1266 730 1288 785 si
1301 733 1424 803 corporis
1449 716 1649 801 imbecillitate,
1663 752 1695 793 ac
1710 736 1832 815 tumulti·

1034 819 1086 877 bus
1109 818 1142 875 iis
1156 820 1201 892 qui
1216 822 1371 881 Armeniam
1390 826 1559 899 invaserunt,
1576 829 1708 901 prohibita
1719 846 1749 891 es
1761 851 1769 888 a
1781 848 1832 889 nos

1036 923 1128 970 tamen
1143 930 1178 971 cu
1193 922 1238 970 tun
1253 916 1394 975 uoluntate
1412 914 1549 995 animique
1563 925 1696 981 sententia
1714 922 1785 995 idem
1798 922 1833 983 de

1035 1017 1082 1064 tua
1096 1000 1284 1067 benevolentia
1294 1010 1423 1080 judicium
1440 1012 1580 1085 babemus,
1594 1017 1665 1088 quod
1688 1018 1761 1093 prius
1783 1008 1831 1074 ba·

1035 1101 1153 1159 bnimus.
1168 1101 1257 1173 Quare
1281 1118 1315 1162 ne
1329 1116 1414 1177 quam
1436 1108 1586 1179 saepissime
1603 1111 1638 1166 ad
1651 1122 1702 1167 nos
1715 1111 1834 1170 seribere

1034 1197 1167 1269 negligas,
1185 1210 1297 1270 nomque,
1315 1199 1476 1258 morbertus
1489 1202 1638 1274 depuleris,
1654 1216 1681 1269 et
1695 1220 1749 1277 qua
1761 1206 1834 1263 rale-

1034 1288 1184 1359 todinesis,
1198 1291 1436 1350 certiores'laccre.
1451 1295 1672 1367 Quandoquidem
1686 1310 1760 1355 imm
1773 1313 1832 1357 ιιι-

1034 1395 1118 1453 gnum
1136 1384 1227 1439 animo
1235 1382 1355 1442 delorem
1367 1386 1530 1458 occepimus,
1542 1402 1603 1442 cnm
1618 1397 1646 1444 te
1658 1404 1761 1459 aegretu-
1772 1398 1835 1451 este

1035 1474 1432 1548 intelleximus.Quamobrem,
1450 1494 1484 1539 ne
1503 1479 1538 1536 de
1551 1481 1601 1538 itae
1622 1496 1653 1539 re
1669 1481 1833 1551 laborem.

1037 1567 1080 1623 iac
1091 1569 1172 1626 veliin
1187 1571 1414 1642 quamcitissime
1437 1574 1555 1633 sciamus
1567 1590 1631 1631 oum
1650 1590 1670 1632 s
1693 1576 1789 1635 uota
1801 1576 1834 1637 etl

1036 1662 1177 1718 multarem
1192 1663 1315 1720 redieris.

1036 1798 1201 1870 lxxviii.
1215 1799 1330 1859 Rontuno
1348 1774 1503 1884 presbytero.
1519 1803 1530 1879 (
1544 1804 1650 1862 Cucuso
1668 1804 1833 1881 anno'ddb‘.)

1073 1932 1131 1989 ilua
1153 1933 1179 1989 in
1193 1934 1355 1991 Armeniam·
1367 1934 1505 1993 dumtaxat
1518 1946 1548 1993 et
1562 1937 1771 2009 Cappadociam.
1785 1938 1834 2000 seu

1035 2024 1117 2081 uiam
1132 2024 1237 2097 lougius
1251 2027 1370 2082 caritatis
1382 2036 1435 2083 tuae
1449 2037 1529 2100 atque
1539 2028 1742 2099 mnetoleutiur,
1754 2042 1834 2102 mrum

1036 2128 1144 2190 semper
1155 2132 1219 2189 erga
1239 2134 1289 2175 noe
1310 2119 1477 2191 praestitisti,
1492 2120 1586 2193 quasis
1599 2121 1662 2179 tuba
1677 2122 1836 2183 luculentior

1035 2209 1243 2281 lamaperrasit.
1252 2212 1434 2283 Quamobrem
1449 2226 1614 2285 nusquoqtte
1625 2214 1661 2271 ob
1671 2222 1743 2273 ιιιιι
1756 2215 1834 2274 ittam

1040 2302 1257 2361 benevolentiam
1272 2320 1436 2377 magnopere
1448 2305 1605 2376 gloriamur,
1616 2322 1667 2363 nee
1679 2315 1706 2365 to
1727 2306 1836 2368 laudare

1037 2396 1253 2454 intermittimus.
1273 2396 1438 2453 'lurerode
1451 2406 1495 2453 tua
1515 2398 1668 2457 valetudine
1688 2414 1768 2470 quam
1784 2413 1834 2455 sas·

1036 2488 1159 2561 pissime,
1173 2503 1275 2559 quaeso,
1289 2487 1326 2545 ad
1338 2504 1390 2545 not
1403 2488 1516 2547 scribas.
1530 2488 1597 2545 liam
1612 2488 1676 2545 lieet
1690 2490 1721 2545 in
1732 2489 1831 2547 solitu·

1036 2582 1116 2650 dinc,
1131 2596 1165 2639 ae
1183 2584 1277 2655 procul
1297 2597 1314 2638 a
1337 2583 1413 2641 robis
1432 2582 1528 2641 remon
1548 2584 1648 2650 sinsus,
1664 2593 1691 2639 at
1713 2584 1833 2644 oarttuu

1036 2687 1126 2734 nmen
1138 2688 1236 2734 eatena
1252 2688 1340 2735 ιιιιιι
1353 2678 1470 2736 devincti
1485 2694 1588 2747 sumus,
1602 2680 1723 2739 eamdem
1738 2680 1834 2742 rideli-

1037 2781 1093 2842 cet,
1102 2786 1182 2845 quant
1197 2772 1260 2828 oiim
1277 2780 1358 2843 atque
1368 2773 1402 2829 ab
1416 2773 1493 2831 initio
1506 2789 1567 2847 erge
1581 2782 1608 2831 te
1620 2774 1834 2837 benevolorum

1036 2880 1093 2939 pra
1113 2866 1191 2922 nobis
1203 2866 1326 2935 tulimus,
1349 2868 1404 2923 imo
1420 2867 1501 2927 etiam
1526 2870 1656 2941 msaiorem
1680 2884 1713 2927 ac
1728 2870 1836 2930 iernen·

1036 2960 1134 3016 liorem
1152 2974 1223 3017 attus
1242 2960 1383 3017 babentes.
1401 2960 1456 3019 lice
1480 2962 1552 3019 euim
1574 2973 1620 3019 aut
1635 2962 1835 3035 teurpnrudlt·

1037 3051 1161 3118 turnitss,
1175 3060 1223 3107 aut
1245 3052 1296 3108 eine
1321 3052 1470 3124 longitudo,
1493 3054 1631 3126 segnltutu
1655 3055 1762 3113 adeam
1777 3072 1834 3119 ruet

1036 3130 1089 3203 nos
1115 3144 1242 3211 reddidit,
1263 3145 1318 3201 imo
1343 3145 1424 3203 ιιίιιι
1449 3148 1569 3205 acriores
1585 3162 1619 3205 ac
1640 3148 1832 3221 diligentiores.

1037 3234 1102 3292 ilaec
1114 3236 1195 3309 igitur
1209 3252 1270 3291 cum
1285 3237 1397 3293 mininie
1410 3237 1529 3309 ignores,
1542 3237 1651 3295 dominc
1659 3242 1697 3295 mi
1709 3256 1835 3297 reveren·

1036 3327 1147 3385 dissime
1157 3342 1189 3383 ac
1207 3327 1407 3399 religiosissime
1419 3368 1430 3397 ,
1441 3338 1567 3401 quantam
1580 3331 1760 3392 crebrioribus
1783 3332 1835 3391 tuis

1036 3419 1123 3485 literis
1144 3421 1257 3492 gratiam
1279 3420 1388 3477 anobis
1403 3420 1517 3477 initurus
1528 3422 1575 3489 sis,
1590 3429 1678 3480 tecum
1694 3432 1832 3495 reputans,

1037 3511 1073 3569 tle
1085 3520 1129 3569 tua
1140 3513 1294 3571 ualetudine
1307 3512 1341 3569 ad
1356 3528 1405 3571 nos
1417 3514 1519 3571 scribas
1533 3516 1623 3583 uelim,
1637 3532 1668 3571 ac
1682 3518 1833 3588 praesertim

1037 3604 1067 3663 iu
1081 3607 1134 3663 tuis
1146 3608 1246 3665 sanctis
1264 3607 1387 3681 precibus
1412 3608 1567 3664 ntcmoriam
1586 3610 1671 3667 nostri
1698 3626 1731 3665 no
1754 3610 1836 3667 inter-

1037 3698 1130 3755 mittas
1146 3716 1154 3753 r
1170 3714 1234 3771 qno,
1249 3700 1310 3755 licet
1326 3706 1400 3755 tanto
1415 3698 1556 3755 interuallo
1575 3700 1624 3757 aits
1642 3708 1668 3757 ‘e
1684 3700 1833 3775 disiuncti,

1037 3791 1172 3865 ingentem
1188 3802 1275 3849 tannen
1290 3792 1439 3867 itincopcm
1453 3801 1479 3848 ct
1497 3793 1624 3849 auxilium
1636 3794 1811 3867 accipiamus.

1073 3924 1203 3981 ffllll.
1221 3923 1345 3982 Gemella.
1367 3924 1492 4000 (cucuso
1505 3941 1577 3983 auno
1587 3928 1641 3984 tut
1653 3928 1695 3984 tel
1708 3926 1788 4001 tue.)

1073 4064 1203 4133 Quidnam
1230 4064 1281 4121 buc
1298 4074 1350 4133 est,
1364 4073 1393 4120 ut
1406 4080 1467 4121 curn
1481 4074 1554 4123 tanta
1577 4075 1683 4141 tattoque
1705 4071 1833 4146 praeclara

1036 4156 1130 4213 ciuitas
1140 4156 1302 4214 luculentum
1313 4155 1410 4213 lestum
1421 4165 1483 4231 agat
1494 4157 1503 4232 i
1515 4158 1553 4214 sic
1565 4162 1636 4216 enim
1649 4164 1835 4233 ruagisttatutu

1039 4259 1112 4308 tuum
1126 4255 1205 4320 atque
1219 4248 1359 4323 imperium
1374 4246 1465 4323 uoco),
1482 4261 1536 4307 tutu
1551 4260 1579 4308 tu
1592 4252 1720 4311 diuturno
1738 4265 1785 4311 tuo
1798 4256 1835 4313 sl-

1036 4340 1119 4399 lentio
1134 4342 1263 4415 majorem
1278 4343 1356 4399 nobis
1371 4344 1527 4401 uroestitiurn
1544 4347 1678 4403 attrtlcrisi
1688 4348 1725 4403 tic
1738 4348 1761 4403 si
1772 4348 1834 4423 qui·

1036 4434 1098 4492 dem
1111 4435 1179 4503 alius
1194 4435 1353 4507 quispiame
1368 4436 1447 4509 uttlgo
1458 4445 1542 4516 esset,
1561 4440 1603 4493 cui
1616 4438 1669 4496 boc
1679 4439 1835 4515 accidisset,

1035 4546 1143 4589 eatrsamt
1153 4547 1259 4603 quoque
1274 4530 1348 4587 nullo
1361 4534 1470 4604 negotiu
1485 4535 1657 4591 invenissent.
1673 4534 1759 4605 Quam
1771 4546 1832 4593 tan·

1036 4623 1097 4679 dcun
1116 4623 1194 4679 istum
1207 4620 1220 4679 i
1239 4620 1335 4687 Solent
1347 4624 1467 4697 plerique
1482 4626 1645 4697 mortalium,
1657 4641 1717 4683 cum
1729 4628 1762 4683 ad
1772 4644 1832 4685 mu·

1033 4716 1120 4791 joram
1136 4716 1292 4789 dignitatern
1308 4721 1490 4792 pervenerint,
1509 4720 1624 4794 artimus
1634 4736 1740 4795 quoque
1754 4722 1835 4780 simul

1036 4809 1159 4866 attollcrc
1175 4850 1185 4877 ,
1200 4824 1231 4864 ac
1245 4809 1361 4881 majores
1374 4811 1484 4883 spiritus
1498 4826 1605 4868 sonuere
1620 4830 1627 4869 :
1649 4822 1677 4869 at
1697 4814 1725 4869 in
1740 4824 1765 4870 te
1787 4815 1832 4886 qni

1036 4902 1219 4980 philosophari
1241 4904 1304 4973 scie,
1322 4918 1355 4961 ac
1369 4906 1530 4962 eadricarurn
1545 4906 1638 4974 barum
1658 4915 1685 4963 et
1699 4906 1833 4981 fragilium

1036 5014 1125 5055 rerunt
1142 5006 1264 5055 traturant
1275 4998 1395 5087 apprime
1410 4999 1491 5069 nosti,
1503 5016 1553 5057 nec
1567 5000 1636 5057 iocis
1647 5016 1679 5057 uc
1688 4999 1832 5075 pigrncntis
1944 5035 1947 5042 ·

1035 5093 1187 5165 deciperis,
1200 5109 1294 5151 uerum
1316 5108 1362 5150 res
1381 5093 1454 5167 ipsas
1468 5082 1557 5151 ¹larris
1579 5110 1678 5152 uacuas
1703 5094 1832 5167 perspicis

1034 5196 1113 5258 atque
1124 5184 1324 5253 anitnadtortis,
1340 5186 1439 5243 silentii
1452 5200 1558 5242 causam
1576 5187 1696 5261 reperire
1715 5200 1830 5259 nequeo.

1036 5280 1070 5336 Et
1081 5280 1189 5354 quidem
1206 5279 1273 5337 illud
1285 5295 1334 5352 pro
1346 5290 1420 5337 certo
1441 5280 1539 5349 babeo,
1555 5295 1598 5338 tue
1610 5297 1687 5355 reque
1697 5296 1730 5337 ac
1747 5281 1833 5354 prius,

1035 5372 1089 5429 into
1099 5373 1178 5428 otiam
1190 5370 1274 5444 magis
1287 5384 1366 5446 quant
1376 5380 1439 5427 ante
1453 5373 1501 5427 abs
1516 5382 1542 5428 te
1554 5373 1650 5429 amari.
1659 5372 1730 5441 Quid
1741 5380 1833 5430 autem

1034 5466 1079 5533 sit,
1095 5467 1364 5539 quemadmmodum
1387 5466 1439 5522 boe
1453 5480 1576 5539 cogamo
1593 5467 1684 5525 auno
1699 5468 1746 5535 sir,
1762 5478 1832 5524 tam·

1034 5556 1216 5627 dlutueueris,
1230 5558 1324 5616 diocte
1334 5572 1440 5631 nequeo
1464 5561 1545 5615 :imo
1566 5560 1619 5617 buc
1643 5575 1751 5632 qaoque
1772 5562 1834 5633 ipse

1034 5653 1184 5723 praesertim
1206 5650 1318 5707 nomino
1345 5651 1445 5707 beroe
1470 5650 1560 5719 Quare
1588 5652 1661 5709 istud
1695 5654 1831 5726 uulgata,

1034 5746 1086 5807 utu
1100 5760 1182 5817 graue
1193 5760 1230 5807 ιι
1243 5744 1389 5806 numum
1404 5752 1468 5815 est,
1479 5743 1558 5805 uobis
1575 5745 1659 5809 noun
1669 5762 1720 5821 por
1736 5747 1832 5807 literar

1035 5838 1161 5917 explices·
1175 5838 1262 5917 dique
1272 5840 1353 5899 etiam
1364 5824 1428 5895 anto
1440 5838 1512 5911 ipsas
1524 5838 1615 5899 liturus
1635 5856 1691 5911 eos,
1707 5842 1753 5915 qui
1763 5842 1832 5905 itane
