4142 6342
242 545 246 551 ,
495 342 1209 552 emorrannum
1244 335 1584 550 mosum

323 659 815 879 scansis
872 666 1730 831 cunusossosn

888 912 1018 977 OPERA
1041 915 1182 980 OMNIA.

253 1143 264 1152 t
281 1143 451 1154 -u-c—
1523 1139 1608 1151 ann-—

754 1285 1338 1435 ADMONITIO

713 1619 719 1631 q
874 1537 928 1599 sn
948 1534 1155 1599 sennim

523 1701 557 1758 tri
576 1702 787 1759 PhllABOthi
807 1701 988 1760 nostratiis
1008 1703 1123 1758 DECEM
1144 1700 1285 1759 hllLLthi
1305 1697 1549 1757 intaurentur.

251 1862 322 1925 Non
343 1863 515 1926 obscuram
532 1865 685 1944 temporis
705 1870 815 1929 notam
835 1863 928 1928 affert
943 1863 1192 1947 chrysostomus
1215 1880 1304 1924 num.
1329 1862 1345 1924 1
1369 1860 1465 1942 hujus
1486 1859 1668 1931 concionis,
1688 1871 1761 1921 cnm
1779 1864 1851 1921 asts

213 1943 282 2004 rhos
303 1950 403 2003 autern
419 1960 512 2003 uuam
534 1942 681 2007 chordam
699 1945 896 2024 pulsavimus
913 1961 971 2024 per
992 1951 1090 2005 totam
1103 1941 1393 2021 Quodroqcsimum,
1410 1941 1483 2002 dum
1497 1940 1591 2018 legem
1603 1937 1691 2000 sodis
1708 1937 1773 1998 de''
1794 1955 1851 2000 ro-

212 2021 324 2082 mentis
336 2022 550 2090 recitavimus,
567 2029 596 2083 et
608 2024 668 2086 liei
680 2026 786 2103 pratia
799 2024 941 2106 effectum
954 2030 1012 2093 est,
1027 2031 1064 2083 ιιι
1076 2023 1227 2102 pleraque
1242 2019 1364 2082 anobis
1378 2037 1435 2081 ara
1447 2020 1484 2081 iu
1496 2018 1554 2080 hac
1568 2019 1645 2096 lepis
1658 2016 1734 2108 melo
1757 2018 1850 2108 iaitu

212 2101 361 2162 instituto
371 2100 446 2171 siut,
461 2109 508 2168 ut,
523 2100 652 2179 depulsa
663 2119 764 2181 prosa
774 2101 1006 2172 consuetudine,
1020 2118 1083 2182 pro
1102 2119 1135 2162 co
1146 2099 1229 2180 quod
1239 2108 1331 2161 antea
1340 2095 1684 2178 Deumjurabont,jam
1694 2095 1776 2158 uchri
1786 2097 1851 2160 uisi

212 2179 291 2248 Est,
305 2187 334 2241 et
345 2179 421 2241 Nou
436 2188 494 2249 est,
511 2189 539 2241 et
555 2180 649 2243 Crede
662 2181 748 2251 mihi,
764 2183 798 2246 in
812 2182 923 2260 linqua
936 2199 992 2242 nia
1008 2180 1244 2260 circumferant,
1259 2179 1352 2258 idque
1363 2178 1399 2239 iu
1413 2178 1498 2239 omni
1512 2175 1685 2254 colloquio.
1700 2179 1761 2236 etc.
1775 2175 1850 2238 Rrec

214 2275 312 2334 porro
322 2257 451 2332 center,
465 2259 575 2330 sodes,
591 2277 664 2322 cnm
679 2261 814 2341 epilogis
832 2277 916 2339 pene
926 2260 1077 2321 omnibus
1092 2259 1307 2320 Homiliarum
1321 2258 1354 2317 in
1364 2257 1511 2328 Statuas,
1525 2272 1607 2333 quas
1617 2254 1708 2314 initio
1717 2255 1849 2316 secundi

213 2337 304 2398 Tomi
319 2338 516 2412 locavimus,
532 2338 643 2418 ibique
655 2354 721 2400 non
737 2338 831 2401 mado
842 2339 1067 2414 adhortantem
1081 2337 1122 2399 ad
1130 2337 1315 2416 iuramenta
1324 2335 1455 2398 vitanda
1464 2335 1727 2414 Chrysoslomum
1738 2333 1850 2412 depre-

213 2414 351 2490 hendes,
370 2416 425 2476 sed
445 2420 543 2479 etiam
560 2435 674 2480 versus
689 2418 951 2498 Quadragestma
962 2417 1059 2477 linem
1073 2415 1195 2496 gratias
1209 2415 1277 2477 Deo
1291 2419 1457 2494 agentem,
1472 2411 1559 2493 duod
1573 2429 1640 2474 non
1656 2411 1775 2504 trustra
1790 2429 1850 2475 neo
1925 2445 1927 2452 ·

212 2494 283 2555 sine
297 2493 404 2554 fructu
419 2495 495 2558 hnic
510 2496 655 2558 curando
673 2497 751 2558 vitio
766 2514 899 2558 manum
911 2495 1100 2558 admoverit.
1118 2496 1194 2558 linc
1210 2495 1249 2556 de
1264 2492 1394 2556 vitando
1406 2492 1591 2573 juramento
1606 2495 1726 2552 monita
1743 2492 1850 2569 perti-

211 2577 289 2633 nent
308 2572 348 2634 ad
366 2573 652 2653 Quadra-gesimam
673 2575 751 2637 anni
768 2575 848 2648 38¹1,
868 2579 905 2636 ut
922 2574 1063 2635 diximus
1083 2574 1307 2634 admonitione
1327 2573 1361 2634 in
1378 2571 1534 2633 Romilius
1556 2559 1752 2630 deStatuis:
1772 2571 1848 2633 hinc

212 2669 290 2712 vero
299 2651 449 2730 seqnitur
459 2652 544 2715 hanc
553 2655 744 2717 concionem
754 2657 787 2716 in
798 2654 989 2716 Parabolam
1000 2653 1154 2714 debitoris
1167 2653 1276 2714 decem
1289 2652 1427 2713 millium
1435 2651 1632 2724 talentorum
1641 2647 1752 2710 eodem
1760 2665 1849 2712 anno

210 2729 269 2790 387
283 2735 355 2808 post
364 2731 651 2812 Quadragcsimam
663 2733 805 2796 habitam
816 2734 926 2795 luisse.
940 2732 1099 2794 Nimirum
1112 2737 1282 2810 postquam
1295 2730 1480 2810 juramenta
1490 2728 1528 2790 de
1539 2727 1644 2790 medio
1654 2728 1847 2808 sustulerat,

209 2809 297 2870 aliud
313 2810 491 2873 curandum
506 2812 646 2886 malum,
662 2817 699 2873 ut
712 2814 851 2892 optimus
867 2811 1030 2886 medicus,
1049 2812 1204 2889 suscipit:
1221 2810 1342 2872 scilicet
1355 2809 1465 2872 odium
1476 2807 1621 2887 prosimi
1635 2811 1667 2869 et
1677 2818 1846 2881 μνιιικακιαν,

211 2888 277 2949 sive
293 2889 489 2968 injuriarum
503 2890 687 2953 oblatarum
700 2893 902 2954 memoriam.
1183 2917 1189 2931 ·
1337 2961 1338 2966 η

220 2976 224 2981 ’
250 2967 341 3030 Hauc
352 2985 449 3047 porro
460 2968 626 3036 homiliam
638 2969 751 3031 habuit
761 2977 982 3050 postquamex
992 2973 1107 3033 morbo
1118 2968 1448 3042 convaluerat3unde
1458 2967 1554 3031 etiam
1564 2965 1848 3044 ediscimusipsum

210 3041 321 3106 ebdom
337 3063 424 3107 anno
437 3047 479 3109 ab
491 3052 622 3110 assueto
645 3049 857 3112 concionandi
872 3050 977 3113 otlicio
992 3049 1082 3114 eade
1095 3067 1194 3114 causa
1208 3050 1376 3128 aliquanto
1389 3053 1533 3127 tempore
1548 3045 1743 3108 abstinuisse
1757 3065 1766 3104 ι
1778 3061 1849 3122 qua

210 3141 290 3186 sero
300 3125 379 3186 anni
393 3129 581 3202 tempestate
594 3126 626 3187 id
641 3127 811 3203 acciderit,
822 3128 889 3208 jam
902 3134 952 3192 est
964 3128 1223 3210 disquirendum.
1241 3128 1369 3208 Aliquid
1383 3143 1462 3190 sane
1474 3126 1556 3187 lueis
1567 3125 1607 3187 ad
1620 3123 1690 3204 ejus
1700 3124 1747 3187 rei
1758 3125 1847 3185 noti-

209 3202 288 3263 tiam
298 3203 532 3282 assequendam
547 3210 735 3270 mutuamur
748 3225 788 3269 er
802 3207 956 3271 Sermone
970 3210 1077 3288 primo
1091 3209 1124 3270 in
1140 3211 1267 3270 Annam
1281 3209 1373 3270 Tam.
1386 3206 1441 3281 lv,
1454 3205 1510 3266 ubi
1524 3205 1705 3294 paulopost
1719 3202 1846 3264 initium

209 3281 278 3343 haec
284 3279 454 3355 habentur,
463 3284 708 3355 Vossuimmuuc
716 3288 789 3348 estis
799 3285 961 3358 obtitimos
969 3287 1084 3350 multos
1093 3289 1218 3350 interim
1224 3305 1377 3349 sermones
1387 3284 1501 3347 deaiiis
1510 3282 1601 3345 rebus
1610 3281 1846 3344 habuisseNam

209 3361 1726 3448 resersoalonqinquoillapsreqriuationcpntrenostro,necessariumsuitsmuiaccmmemorare,
1752 3361 1848 3422 usin

210 3439 361 3501 comitatu
381 3440 575 3512 acciderant,
594 3461 631 3503 ac
650 3443 760 3506 deiude
780 3464 849 3505 cam
870 3443 1041 3525 pestilibus
1058 3445 1234 3524 disputare,
1253 3455 1289 3508 nt
1307 3445 1363 3507 hos
1381 3444 1414 3507 vi
1434 3439 1680 3532 calamitatisud
1690 3377 1847 3503 meliorem

209 3517 331 3596 trucem
346 3527 525 3588 moecatus,
541 3522 597 3602 qui
609 3521 728 3585 deserto
740 3525 905 3603 pontillum
919 3541 1025 3586 errore
1040 3543 1103 3586 sese
1115 3523 1157 3586 ad
1169 3543 1228 3587 nos
1243 3523 1459 3592 contulerant,
1474 3538 1535 3601 pro
1545 3519 1634 3582 virili
1647 3521 1847 3659 confirmare·

209 3613 277 3656 mus
297 3616 334 3658 ac
357 3596 553 3669 doceremus,
567 3603 693 3680 quantis
708 3601 842 3666 tenebris
859 3601 985 3666 liberati
999 3602 1040 3665 ad
1055 3611 1173 3664 tautam
1189 3604 1286 3667 lucem
1298 3603 1443 3666 ueritatis
1458 3600 1679 3662 accurrissent.
1726 3607 1776 3660 ost
1788 3598 1847 3661 illa

208 3690 321 3736 rursus
340 3676 448 3740 multis
464 3676 571 3740 diebus
587 3689 760 3761 martyrum
772 3681 996 3763 festivitatibus
1005 3683 1109 3763 potiti
1122 3701 1245 3752 samm,
1259 3701 1356 3764 neque
1371 3680 1503 3761 tempori
1515 3679 1702 3741 couveniens
1715 3678 1844 3758 suisset,

208 3771 267 3815 nos
309 3756 343 3816 ui
361 3755 643 3839 juntamartqrum
657 3761 801 3840 sepulcra
813 3778 1023 3828 versaremur,
1040 3778 1145 3823 sarum
1159 3762 1286 3825 tandum
1297 3757 1565 3843 qaas'martpribus
1575 3756 1723 3820 debemsn
1734 3775 1846 3818 essor-

209 3839 253 3894 tes
300 3834 442 3898 iscedsrc.
465 3837 624 3899 Successit
643 3839 691 3900 his
711 3857 824 3901 rursus
844 3839 1021 3904 cohortatio
1042 3839 1084 3902 ad
1096 3839 1342 3904 abstinendumn
1348 3838 1550 3921 juramentis.
1567 3836 1643 3900 Cum
1654 3837 1734 3898 enisu
1749 3843 1845 3898 totam

207 3913 399 3975 rusticorum
413 3916 573 3978 nationem
585 3917 620 3978 iu
631 3916 736 3980 urbem
750 3919 921 3997 inpressam
938 3937 1145 3990 cerneremus,
1161 3920 1219 3982 hos
1231 3919 1305 3983 illos
1319 3917 1442 3982 anobis
1454 3918 1628 3980 instructos
1638 3915 1753 3978 uiatico
1770 3933 1845 3976 cess-

207 3993 326 4055 suimus
336 3993 593 4057 dimittendos.ln
604 3997 653 4058 his
664 3997 875 4060 concionibus
884 4015 966 4078 quas
981 4000 1229 4078 Chrysostomus
1245 3999 1357 4061 ordine
1369 3999 1610 4068 commemorat,
1625 4012 1741 4075 agmen
1757 3992 1845 4055 duest

207 4069 347 4135 ilomilia
362 4073 417 4136 illa
426 4078 498 4152 post
507 4075 645 4136 reditum
658 4075 817 4151 Flaviani,
833 4095 932 4156 qnam
948 4078 980 4138 in
995 4078 1045 4139 die
1062 4083 1174 4140 sancto
1187 4079 1317 4142 Paschae
1332 4077 1476 4140 habitam
1490 4074 1662 4150 statuimus
1676 4073 1710 4134 in
1724 4073 1844 4136 Praela-
1959 4105 1971 4126 ι

207 4149 296 4212 tione
328 4151 369 4212 ud
391 4158 545 4229 quartum
580 4155 732 4231 Tomnm,
756 4162 788 4216 nt
823 4156 856 4217 in
887 4157 1011 4218 hionito
1029 4156 1069 4218 ad
1102 4157 1272 4222 Sermones
1306 4158 1339 4218 in
1374 4158 1503 4218 hunam
1528 4155 1619 4214 Torn.
1639 4153 1694 4215 lV.
1721 4151 1843 4214 Deinde

208 4227 459 4306 disputationem
478 4232 591 4294 habuit
610 4232 860 4313 chrysostomus
878 4241 991 4297 contra
1014 4236 1175 4310 Gentiles,
1197 4253 1239 4300 un
1255 4237 1289 4298 in
1304 4253 1371 4298 unu
1383 4234 1435 4296 vet
1451 4233 1598 4312 pluribus
1613 4231 1841 4306 concionibus,

207 4306 703 4388 nondeclaratipseSncccssere
713 4318 1012 4395 posteamartyrum
1027 4314 1228 4378 celebritates
1239 4315 1346 4377 multis
1356 4311 1642 4376 diebushcdeinde
1651 4311 1729 4389 qnia
1739 4327 1842 4390 popu·

206 4385 276 4446 lum
295 4387 529 4450 antiochenum
546 4391 676 4472 jurandi
693 4397 880 4468 assuetum,
901 4393 1045 4470 repetitis
1065 4411 1123 4471 per
1140 4398 1240 4456 totam
1257 4392 1542 4473 Quadragesimam
1556 4389 1841 4466 admonitionibus,

207 4465 250 4526 ab
273 4465 334 4527 hac
352 4485 454 4545 prava
469 4469 703 4532 consuetudine
716 4471 913 4544 abduxerat,
926 4471 991 4533 alia
1005 4477 1197 4551 argumenta
1214 4473 1380 4536 tractanda
1398 4469 1550 4548 suscepit.
1564 4469 1684 4530 Verum
1694 4469 1843 4548 quiam-

206 4543 362 4605 sticorum
382 4549 475 4611 turba
498 4566 616 4629 magna
637 4549 671 4610 in
692 4550 807 4611 urbem
828 4551 1018 4624 advenerat,
1037 4559 1073 4612 nt
1095 4551 1154 4613 hos
1173 4555 1289 4626 etiam,
1304 4553 1361 4631 qui
1374 4551 1536 4630 pristinis,
1553 4547 1761 4611 concionibus
1776 4565 1841 4609 non

208 4623 439 4716 interfuerant,
458 4627 685 4708 ajuramentis
704 4629 917 4700 absterreret,
938 4630 1111 4769 pristinum
1131 4635 1245 4694 contra
1253 4632 1439 4726 juramenta
1452 4633 1679 4710 argumentum
1694 4627 1840 4705 repetiit,

207 4706 438 4766 cteoncronem
458 4706 541 4768 hanc
566 4705 680 4768 habuit
704 4706 872 4770 Dominica
896 4709 938 4770 Sa
954 4719 1032 4772 satie
1058 4727 1156 4789 quam
1179 4709 1378 4774 Dominicam
1396 4727 1466 4773 esse
1483 4706 1646 4771 Passionis
1670 4706 1747 4770 olim
1768 4724 1841 4767 cum

205 4781 411 4846 Tiltemontio
432 4789 642 4863 putaveram3
664 4803 777 4849 verum
794 4805 882 4849 nunc
899 4787 1076 4855 adLeonis
1092 4789 1201 4852 hilatii
1218 4791 1411 4852 sententiam
1425 4803 1558 4866 prorsus
1572 4783 1707 4858 accedo,
1726 4783 1782 4862 qni
1797 4785 1842 4846 ait

203 4859 406 4924 Dominicam
422 4863 561 4926 Salvatre
577 4881 648 4927 esse
666 4862 755 4927 iliam
782 4883 855 4944 quas
879 4868 1112 4932 decensionem
1138 4867 1266 4930 Domini
1294 4868 1461 4947 precedit,
1491 4863 1580 4943 quod
1602 4864 1751 4944 pluribus
1782 4881 1840 4930 ex·

205 4939 365 5078 pendetur
385 4942 419 5002 in
439 4942 629 5006 Praeimione
660 4942 699 5004 ad
717 4949 869 5022 quartum
898 4947 1051 5022 Tomnm,
1068 4950 1099 5009 et
1115 4947 1147 5010 in
1162 4947 1285 5009 Monito
1297 4947 1337 5010 ad
1351 4946 1521 5009 Sermones
1537 4945 1572 5006 in
1587 4945 1714 5006 Annam
1728 4941 1840 5008 eodem

183 5070 186 5074 .
233 5035 318 5080 omo.

244 5096 336 5161 Illam
352 5097 452 5179 igitur
465 5100 654 5162 concionem
668 5101 836 5167 Dominica
850 5110 926 5170 ante
940 5105 1172 5168 Ascensionem
1186 5105 1226 5166 ad
1239 5105 1376 5166 rusticos
1392 5104 1535 5167 habitam
1548 5103 1595 5166 sic
1606 5102 1732 5168 orditur
1740 5099 1842 5180 Chry-

204 5180 368 5240 sostomns
390 5198 398 5238 ι
421 5178 539 5258 Epulis
558 5187 736 5242 sanctorum
753 5191 835 5245 mart
856 5202 925 5246 rum
941 5183 1063 5263 excepti
1077 5185 1151 5244 estis
1163 5183 1212 5245 his
1221 5185 1390 5263 preteritis
1403 5179 1530 5262 diebus:
1543 5181 1708 5262 spirituali
1717 5177 1841 5242 celebri·

205 5262 267 5315 tate
282 5257 397 5335 repleti
413 5258 595 5321 exsultastis
609 5257 747 5322 honestis
760 5203 1022 5326 sciscitationibus
1040 5282 1051 5322 .·
1065 5257 1190 5326 oidistis
1204 5270 1313 5342 aperto
1327 5263 1443 5330 latero,
1462 5271 1492 5323 ιι
1505 5261 1563 5324 ilia
1577 5258 1719 5327 coneus,
1739 5275 1841 5319 cruo-

202 5351 268 5393 rem
279 5335 416 5414 uudique
429 5334 624 5415 detinentem.
644 5339 784 5421 infinitas
799 5350 1026 5403 tormentorum
1039 5341 1154 5422 species
1170 5340 1490 5404 :humauamoidistis
1498 5343 1840 5417 nataromsapernotu·

202 5412 286 5474 rolin
295 5421 512 5494 prestantem,
527 5424 555 5478 et
569 5435 702 5480 coronas
715 5421 868 5499 sanquine
883 5426 1063 5488 contestas,
1074 5419 1228 5499 pulsastis
1246 5419 1402 5489 choream,
1416 5419 1452 5481 in
1465 5435 1582 5480 omnem
1594 5425 1715 5497 partem
1730 5415 1840 5478 cisitu-

203 5490 245 5552 tis
266 5490 324 5553 hoc
343 5492 472 5554 honesto
492 5493 570 5557 duce
593 5495 774 5579 (Flaviano)
796 5515 852 5561 sos
878 5499 1123 5577 circumagente:
1136 5498 1189 5561 sed
1202 5518 1261 5561 uos
1274 5498 1608 5578 etiusitosiutimsitcs
1620 5494 1704 5558 domi
1716 5509 1840 5556 manere

204 5569 342 5648 cogebat.
363 5573 478 5633 Tamen
501 5577 558 5636 etsi
576 5593 642 5638 uou
659 5576 875 5657 interfuimus,
890 5575 928 5637 de
940 5576 1103 5655 voluptate
1111 5579 1375 5658 participasimus
1390 5597 1401 5637 .·
1417 5577 1475 5639 etsi
1486 5575 1522 5638 de
1540 5574 1690 5637 concisus
1699 5575 1840 5665 fructum

201 5665 265 5708 usu
278 5650 601 5729 earnemcarnem
614 5662 714 5716 tomen
727 5654 868 5717 letitiam
885 5673 1070 5719 communem
1084 5655 1258 5720 habuimus.
1278 5656 1365 5720 Talis
1380 5663 1422 5718 est
1437 5657 1517 5720 euim
1531 5653 1674 5718 eausam
1697 5669 1761 5720 sss,
1776 5656 1837 5715 etc.
