4142 6342
89 346 144 401 637

91 466 291 531 oppugnantur.
313 454 494 528 Quamobrem
514 450 682 509 corrsiderata
700 445 820 523 praeclari
836 445 886 501 luu-

94 555 169 617 iusce
182 551 279 622 negotii
293 548 483 623 magnitudine,
502 562 538 603 ue
547 561 609 603 eum
620 544 662 599 ret
677 541 810 597 tarutillnrn
821 554 889 596 eun·

91 647 161 700 cturi
185 657 286 717 patere,
303 659 394 700 cerum
418 643 470 697 boc
489 639 577 707 eltlce,
593 645 623 694 nt
645 636 716 691 nulla
732 633 900 709 interposita.

92 753 173 791 ruora
197 735 248 792 lroc
269 736 320 791 iter
332 732 459 803 suscipiat
474 748 481 787 ι
497 730 537 787 sie
548 729 620 785 enirn
645 726 703 793 tibi,
718 726 825 781 dontine
852 724 901 785 mi,

92 842 269 897 suuunopcre
278 823 444 891 admirande,
456 806 650 893 peregregiam
662 816 814 889 ltrrjrtsruodi
825 829 890 885 ope-

94 935 167 984 rana,
190 918 308 989 amplam
321 914 393 987 apud
412 914 556 985 benignum
582 912 665 967 bcnm
678 908 830 967 mercedem
845 924 889 965 re·

93 1010 207 1067 condes.

142 1146 211 1205 brt.
224 1147 332 1203 Adotiu.
348 1144 464 1219 (uncum
477 1159 557 1207 arcuo,
571 1152 600 1198 nt
614 1150 730 1233 putatur,
745 1140 798 1198 lbi
812 1140 822 1212 l

132 1284 209 1351 erod
221 1284 248 1339 iu
257 1282 379 1339 morbum
392 1280 527 1345 trucidetis,
537 1278 689 1343 didicimus,
697 1282 725 1332 ct
739 1244 898 1348 quidemita

96 1386 238 1446 grareruct
248 1374 374 1430 acerbum
383 1370 739 1443 utadipsasquuqueruortis
749 1375 890 1439 portasse·

95 1458 890 1531 cesseris;seimusetiamteemorlroconsalnissemcperi·

95 1556 216 1627 eulaeum
225 1556 362 1612 liberatam
371 1555 404 1611 ad
414 1556 553 1611 sarrientem
563 1553 695 1625 progredi.
706 1554 742 1607 Αι
752 1568 786 1607 er
794 1551 848 1606 tuis
858 1550 891 1605 li·

97 1648 163 1704 teris
176 1648 242 1703 nibil
256 1646 351 1702 bortuu
372 1646 506 1711 intellexi,·
519 1645 632 1716 idcoque
642 1644 785 1701 admodum
799 1641 889 1707 dolui;

97 1756 190 1797 verum
199 1738 316 1807 aliunde,
325 1748 405 1811 atque
417 1738 453 1794 ab
463 1727 532 1793 aliis.
544 1737 677 1793 Ceterum
688 1735 752 1791 illud
767 1734 844 1789 nobis
856 1734 889 1789 ad

97 1832 307 1889 consolationem
321 1830 428 1887 abunde
440 1838 497 1897 est,
507 1830 577 1899 quod
594 1828 715 1905 emrurbo
736 1826 889 1881 curterseris.

98 1924 155 1980 litsi
174 1921 305 1981 autemid
329 1922 405 1979 nobis
427 1920 557 1986 sollteiat,
571 1936 625 1976 non
642 1931 781 1990 propterca
802 1927 890 1973 tamen

98 2016 205 2087 longum
220 2015 272 2070 boc
291 2022 365 2069 tuum
387 2013 522 2068 silentium
538 2010 642 2082 placido
655 2012 746 2066 auium
769 2009 888 2065 ieriurus.

98 2106 235 2162 Velletuus
249 2090 332 2173 etnim,
345 2113 374 2159 ut
388 2106 443 2175 ipsa
458 2120 564 2176 qnoque
576 2103 656 2166 nosti,
671 2112 698 2157 te
711 2101 763 2156 buc
777 2102 890 2157 uertico-

99 2206 152 2252 tem
167 2212 288 2253 cernere.
309 2196 347 2253 Ac
360 2211 440 2260 sane,
455 2195 506 2249 uisi
522 2194 630 2248 morbus
652 2192 810 2256 accidisset,
824 2178 900 2245 nibil

99 2298 157 2345 crat
175 2288 245 2357 quod
266 2287 416 2359 impediret.
442 2286 508 2342 Nam
530 2296 558 2341 et
571 2286 651 2355 liujus
673 2284 790 2354 regionis
805 2283 891 2339 biems

98 2377 356 2439 autumnissimireris
369 2380 485 2451 speciem
505 2379 637 2439 ΙιιιιιιιιΙ
655 2377 783 2443 imitatur,
799 2385 824 2432 et
841 2377 892 2431 br·

99 2475 187 2530 noenia
199 2474 297 2530 isauris
309 2472 418 2527 liberata
432 2479 482 2527 ost.
492 2471 626 2535 Attamen,
639 2479 667 2524 ut
676 2467 728 2525 lruc
739 2469 841 2533 tertias,
852 2466 894 2522 in·

100 2567 181 2619 citam
197 2571 430 2633 acrcpnguantem
441 2561 550 2615 ruinirue
570 2559 699 2631 cogimus.
717 2558 792 2627 Quod
803 2568 893 2613 autem

102 2674 151 2712 uec
165 2657 315 2712 isunrorntn
329 2664 416 2709 unctius
436 2668 486 2708 nee
500 2651 596 2707 biennis
611 2651 768 2718 acrimonia,
783 2666 833 2707 nec
855 2651 896 2706 iti·

56 2751 57 2772 ³
102 2750 174 2803 ueris
189 2761 321 2811 arumna,
336 2760 387 2801 tace
402 2744 471 2799 aliud
483 2745 627 2815 quidquam
641 2743 766 2813 irrupedit,
780 2743 831 2799 boc
845 2758 893 2814 pe·

56 2837 57 2866 ³
102 2840 201 2905 timus,
217 2836 341 2892 rrirttiruut
364 2844 393 2890 ιι
412 2845 481 2901 ate,
495 2836 571 2904 eujrrs
595 2834 694 2890 ardeus
716 2850 778 2904 erga
793 2848 843 2890 nos
862 2849 894 2889 ae

101 2928 205 2983 silicem
220 2926 405 2983 benevolentia
420 2933 480 2992 est,
494 2924 591 2979 crebro
609 2924 700 2979 literas
720 2924 892 2993 accipiamus·

101 3020 202 3074 Noun-si
216 3033 280 3086 cas,
294 3017 328 3072 de
343 3024 387 3071 tua
400 3015 548 3072 ualetudine
561 3015 697 3086 altiorique
708 3017 745 3071 tui
761 3014 894 3072 hilaritate

103 3127 152 3167 uos
164 3110 293 3165 certiores
315 3109 459 3170 iacientes,
474 3123 545 3177 saepe
567 3106 820 3179 obtineamus,nou
835 3124 893 3163 mc-

102 3203 219 3259 diocrem
234 3200 414 3271 biucquoqne
436 3198 645 3254 consolationem
660 3198 805 3269 copulemus.
826 3197 894 3253 Cum

103 3297 194 3367 igitur,
208 3305 307 3364 quanto
317 3308 366 3348 tuos
380 3291 510 3347 berteiicio
520 3290 647 3346 allectum
662 3290 710 3357 sis,
726 3290 895 3344 animaduer-

104 3398 161 3454 tas,
175 3386 201 3441 id
216 3385 304 3441 lacere
324 3400 358 3439 ne
379 3383 510 3456 graveris.
533 3382 592 3437 Scis
603 3380 674 3436 cuim
685 3396 764 3451 quam
782 3389 808 3437 te
819 3395 895 3436 coru·

104 3481 260 3550 ptccturunr,
270 3485 448 3550 quantamque
457 3491 565 3547 semper
575 3490 637 3547 erga
652 3482 678 3531 tc
689 3476 828 3531 caritatem
838 3490 896 3546 prae

105 3572 182 3627 rutubis
197 3571 346 3653 tulerimus.

106 3742 117 3754 .
161 3663 244 3759 dlii.
260 3701 369 3759 Nicoluo
383 3701 535 3775 precbptero.
551 3698 667 3775 (cucuso
679 3698 838 3770 aoncilii).
888 3741 892 3746 -

140 3840 300 3911 lluguopere
323 3852 375 3895 uos
393 3838 520 3902 erexisti,
542 3845 621 3908 atque
641 3834 742 3907 ingenti
763 3835 898 3904 uoluptate

106 3931 265 4003 perfudisti,
286 3946 348 3987 curn
371 3929 435 3986 illud
461 3928 632 4001 significasti,
653 3933 825 3999 permagnam
851 3926 898 3982 tibi

106 4027 250 4083 l‘luoenicia:
273 4041 365 4081 curam
393 4040 470 4090 esse,
491 4032 570 4094 teque
583 4031 658 4078 tauto
675 4021 737 4077 licet
756 4020 898 4076 interuallo

106 4119 241 4186 dissitum,
256 4117 363 4188 eosqui
377 4117 431 4173 illie
454 4115 554 4186 degnut
569 4129 617 4185 per
638 4114 728 4168 literas
743 4112 776 4165 ad
793 4110 900 4181 pietatis

106 4210 224 4265 studium
238 4223 335 4264 acuere
353 4217 432 4278 atque
446 4204 547 4261 bertari
560 4224 566 4260 z
583 4221 634 4276 qua
649 4205 675 4259 in
694 4220 724 4259 re
737 4204 823 4259 zelum
834 4219 901 4275 apo·

107 4306 230 4362 stolicurn
245 4312 366 4375 praestas.
383 4302 473 4374 anue
486 4316 567 4357 carisa
588 4309 615 4357 te
635 4300 761 4356 admirari
784 4314 816 4355 ac
838 4294 902 4355 bea-

108 4407 162 4453 tum
177 4396 323 4468 praedicate
344 4395 454 4451 minime
478 4392 779 4464 irrtermittimus,quod
798 4400 828 4447 et
841 4406 900 4447 mo-

107 4488 208 4545 nacbos
226 4497 305 4544 autea
326 4479 438 4553 misisti,
453 4494 481 4542 ct
494 4500 584 4551 nuuc,
601 4485 626 4539 iu
648 4495 718 4539 tama
735 4484 901 4554 organorum

108 4580 281 4647 dificultate,
293 4596 347 4635 nou
368 4578 448 4635 modo
467 4592 514 4635 eos
529 4592 583 4632 uon
593 4576 743 4642 abduxisti,
758 4575 805 4631 sed
820 4574 901 4630 eriam

109 4686 218 4726 turauere
230 4670 358 4742 coegisti,
374 4668 467 4741 optimi
486 4668 610 4734 uidelicet
623 4667 810 4739 gubernatoris
822 4658 902 4738 atque

108 4764 207 4834 egregii
221 4764 315 4819 uredici
332 4778 442 4818 ntrrucre
451 4760 622 4834 periungens.
638 4759 671 4815 tu
683 4758 754 4814 cuim
768 4758 812 4813 ille
822 4800 829 4825 ,
841 4773 902 4828 cam

111 4857 207 4913 llrretus
221 4857 332 4912 excitari
347 4856 435 4923 uidet,
457 4864 513 4909 tom
537 4854 597 4924 plns
610 4850 689 4907 studii
704 4866 735 4905 ac
758 4849 903 4921 diligentiae

109 4951 226 5019 aulluibet,
251 4962 332 5023 atque
353 4950 397 5005 bie
421 4949 502 5011 item,
521 4962 583 5003 cum
606 4943 699 5002 lebrim
724 4944 750 4999 in
774 4944 903 5015 rrrnjrrrcm

111 5042 243 5098 daromam
256 5044 390 5099 exarsisse
402 5040 550 5114 perspicit,
562 5048 618 5096 tan
639 5037 733 5107 ntajori
753 5046 811 5092 orte
824 5045 904 5107 atque

111 5132 238 5197 industria
254 5132 336 5187 utitur
351 5152 358 5187 :
371 5132 405 5190 ad
414 5134 537 5189 eorundem
552 5132 659 5187 niodum
673 5140 702 5187 ιι
715 5145 837 5201 quoque,
853 5144 905 5183 nu·

112 5224 242 5279 bilissime
262 5238 295 5278 ac
311 5224 511 5293 religiosissime
533 5222 657 5288 domine,
673 5238 729 5278 rem
747 5222 845 5277 uirtute
860 5230 904 5276 tua

111 5316 218 5389 dignum
232 5315 330 5382 iecisti,
343 5316 414 5386 quod
429 5331 489 5373 cnut
502 5331 587 5387 agras
600 5332 643 5371 res
655 5331 716 5373 esse
728 5332 759 5371 ac
773 5316 905 5373 seditione

114 5409 235 5465 laturrare
248 5410 415 5478 conspexisti
428 5451 436 5473 ,
451 5418 507 5463 tum
522 5409 689 5479 potissimum
702 5422 810 5478 operatu
826 5407 904 5463 dedi·

113 5503 157 5567 sti,
168 5510 196 5557 ut
206 5518 239 5557 ne
254 5502 282 5568 ii,
292 5502 337 5573 qui
349 5500 404 5555 illic
416 5500 525 5571 degunt,
536 5499 621 5558 aciem
635 5498 799 5567 desererent,
811 5515 904 5554 uerum

81 5638 92 5668 ‚¹
116 5606 306 5663 remanerent,
322 5610 355 5650 ac
378 5605 466 5667 partes
480 5608 544 5650 suas
563 5592 712 5662 explerent.
724 5592 904 5659 eruuuobrem

114 5688 165 5744 tuis
184 5689 240 5759 ipse
260 5686 377 5758 uestigiis
401 5685 523 5754 baereus,
543 5684 797 5740 reremedisstnnu
819 5682 906 5742 donui-

116 5798 176 5837 num
192 5797 280 5839 uacum
294 5780 452 5838 Geroruttum
472 5778 667 5851 prealryterum,
681 5778 705 5833 si
725 5779 900 5846 concaluerit,

817 328 1005 389 uuistuom.

941 452 1022 526 abque
1045 442 1078 501 ud
1105 454 1234 517 integrunt
1261 446 1401 505 seruitutem
1420 449 1546 521 redierit,
1570 454 1731 525 coelestim,
1785 504 1787 509 .

939 549 1041 605 quareo,
1058 550 1132 605 urge,
1147 544 1175 591 ut
1187 538 1237 593 iter
1249 538 1314 594 illud
1324 540 1406 597 ineat.
1419 540 1585 613 Quaruquam
1600 547 1671 603 euim
1682 564 1732 607 tros

940 639 1047 698 quoque
1062 640 1123 683 enm
1137 628 1190 683 lure
1204 630 1295 684 uenire
1316 630 1451 687 accidere
1468 635 1590 705 cupimus
1603 631 1733 705 atarneo,
1799 662 1801 669 ’

941 718 1067 787 quoniam
1091 714 1209 789 regionis
1224 719 1295 776 illius
1312 723 1417 793 negotia
1442 724 1625 796 celeritatem,
1639 729 1734 800 ingen·

942 816 1049 879 temque
1067 807 1229 881 vigilantium
1256 811 1433 882 desiderant,
1457 831 1491 871 ne
1510 816 1538 873 iu
1559 818 1603 873 ιιι
1627 820 1735 892 longum

941 907 1047 968 tempus
1063 907 1178 972 teratur,
1194 900 1333 974 bientsque
1348 905 1531 975 interveniens
1552 910 1603 967 iter
1624 912 1677 983 ipsi
1692 913 1734 969 in·

897 1059 900 1069 Ι
942 993 1084 1061 tercludat,
1099 995 1186 1051 abste
1200 994 1373 1053 uehementer
1386 999 1521 1069 petimus,
1536 1012 1562 1056 ut
1581 1011 1609 1057 et
1622 1019 1683 1060 eum
1693 1048 1700 1071 ,
1712 1008 1747 1063 si*

941 1099 973 1137 cr
989 1085 1083 1149 morbo
1097 1092 1233 1141 recreatus
1245 1086 1290 1153 sit,
1303 1086 1337 1141 ad
1350 1089 1549 1160 suscipiendum
1562 1094 1613 1149 iter
1627 1111 1734 1166 urgeas,

942 1177 1061 1249 illudque
1072 1194 1161 1245 cures,
1176 1190 1205 1235 ut
1218 1182 1259 1235 uir
1272 1182 1446 1241 suavissimus
1460 1201 1491 1240 ue
1504 1187 1570 1243 milti
1582 1191 1747 1248 carissimus¹

941 1270 1058 1337 loannes
1071 1274 1210 1345 presbyter
1228 1274 1330 1333 ltiueris
1343 1276 1468 1333 comitem
1480 1294 1511 1336 se
1534 1281 1584 1351 ipsi
1595 1283 1736 1354 adjungat.

942 1361 1002 1420 sus
1021 1362 1092 1419 enim
1115 1364 1233 1435 regionis
1255 1366 1326 1423 illius
1348 1369 1454 1439 negotiu
1477 1386 1547 1429 outae
1568 1388 1602 1429 eu
1616 1376 1737 1445 pluribus

941 1454 1139 1511 correctoribus
1162 1457 1290 1529 indigere,
1300 1474 1354 1531 quo
1368 1459 1472 1531 longius
1485 1450 1745 1533 consecrarentur
1783 1486 1786 1493 ’

943 1544 1007 1602 llaec
1018 1545 1098 1617 igitur
1111 1562 1172 1605 eum
1183 1550 1273 1606 animo
1285 1560 1331 1607 tuo
1344 1562 1481 1623 reputans,
1492 1570 1524 1611 ae
1536 1558 1628 1627 quanti
1639 1559 1737 1615 animm

942 1638 1016 1694 salus
1037 1640 1167 1710 metuenti
1180 1640 1230 1708 sit,
1245 1644 1425 1714 perspiciens,
1443 1657 1610 1719 quantasque
1627 1666 1671 1707 res
1681 1650 1738 1722 jam

942 1729 1057 1786 marebac
1070 1732 1159 1788 studio
1172 1741 1218 1789 tuo
1234 1749 1267 1790 ac
1278 1736 1415 1808 diligentia
1435 1739 1473 1795 sis
1485 1752 1676 1813 consequutus,
1690 1758 1739 1799 ue·
1786 1750 1791 1757 '

943 1820 1058 1878 limtam
1073 1832 1161 1893 perte
1177 1826 1234 1898 ipse
1246 1844 1325 1899 uquam
1338 1831 1463 1907 aliorum,
1473 1848 1542 1903 quos
1557 1836 1674 1892 ruaneisci
1690 1844 1740 1907 po·

943 1913 1028 1969 tueris
1039 1954 1047 1981 ,
1059 1929 1139 1985 opera
1153 1925 1233 1988 atque
1243 1919 1372 1976 industria
1390 1936 1484 1989 cures,
1503 1934 1532 1979 ut
1545 1940 1605 1996 qnae
1618 1926 1740 1983 correcta

943 2012 1073 2061 etsatrata
1093 2015 1174 2075 suurt,
1188 2010 1264 2065 tlrma
1287 2021 1431 2079 marreaut,
1446 2025 1525 2084 atque
1548 2017 1628 2071 etlam
1654 2019 1741 2073 ntulto
1792 2022 1793 2027 ’

943 2099 1047 2169 maiore
1061 2101 1215 2157 accessione
1237 2104 1415 2161 cumulentur.
1430 2105 1470 2161 'lu
1490 2118 1563 2163 certe
1577 2108 1661 2163 nibilo
1687 2110 1741 2163 mi-

944 2205 1048 2257 norem,
1063 2204 1142 2262 qurun
1156 2192 1247 2263 ii,qui
1261 2195 1313 2250 boc
1328 2205 1468 2262 uenerunt,
1481 2198 1646 2269 uoluptatem
1662 2200 1741 2256 nobis
1792 2212 1795 2219 ’

943 2282 1055 2337 attulisti
1072 2299 1078 2335 :
1095 2282 1226 2354 siquidem
1247 2284 1338 2341 auimo
1360 2297 1392 2341 ae
1412 2288 1549 2345 voluntate
1568 2291 1665 2347 uenisti
1680 2296 1742 2345 :at-

944 2388 997 2443 que
1007 2372 1126 2431 ueritatis
1140 2374 1242 2440 ocutis,
1257 2388 1370 2445 corpore
1383 2380 1445 2434 treet
1466 2380 1615 2447 absentem,
1634 2392 1661 2438 te
1673 2394 1744 2454 quo·

946 2462 1011 2520 tidie
1043 2462 1197 2529 ceruimus,
1222 2465 1376 2536 utrimnque
1390 2469 1490 2539 passim
1516 2471 1742 2536 circurnteriruus.
1793 2500 1799 2505 ·

945 2552 1072 2615 Fortasse
1081 2569 1186 2625 quoque
1195 2555 1272 2611 uobis
1292 2567 1385 2613 rtrutuo
1396 2570 1541 2631 conspectu
1556 2562 1606 2619 irui
1620 2564 1737 2637 dubitur,

945 2657 1125 2721 cum-tempus
1140 2648 1165 2705 id
1182 2650 1416 2731 permittentium,
1429 2663 1458 2709 ut
1470 2671 1540 2711 nune
1549 2673 1594 2713 res
1607 2668 1678 2721 suunt,
1691 2664 1743 2719 etei

945 2740 1046 2811 ulloqui
1065 2741 1105 2823 ¹tui
1125 2741 1331 2814 uidendumque
1352 2746 1530 2817 arnprlccteudi
1554 2766 1649 2822 magua
1669 2756 1744 2825 cupi*-

945 2831 1029 2889 ditate
1045 2840 1181 2901 terremur,
1197 2844 1223 2890 te
1238 2838 1327 2891 tanim
1350 2836 1410 2893 istie
1431 2854 1540 2896 manere
1561 2846 1743 2903 necessarium

945 2940 1007 2981 esse
1025 2924 1157 2982 ducimus.
1173 2926 1227 2983 Nce
1246 2929 1317 2984 enim
1342 2928 1504 3001 dubitamus,
1517 2934 1580 3005 quin
1605 2941 1743 2997 tu'nmuia

946 3016 1066 3075 tacturus
1085 3022 1327 3092 cumturusquesis
1339 3062 1346 3089 ,
1358 3040 1411 3095 quo
1424 3028 1541 3081 strenuis
1554 3029 1620 3085 uiris
1632 3030 1745 3087 l’boeni·
1800 3042 1802 3049 '

946 3114 1015 3167 eiam
1031 3112 1151 3184 impleas,
1164 3122 1312 3185 atqueeos,
1328 3116 1373 3187 qui
1387 3117 1646 3188 illicrmuanueruut,
1661 3123 1746 3196 magis
1780 3104 1783 3113 ¹

947 3219 979 3259 ce
992 3206 1077 3275 magis
1092 3204 1185 3261 inicias
1199 3216 1226 3262 et
1239 3207 1409 3277 corrobores,
1426 3219 1454 3264 ut
1468 3226 1502 3267 ue
1513 3209 1613 3270 relictis
1627 3216 1745 3286 regionis

949 3295 1021 3351 illius
1034 3296 1149 3367 negotiis
1162 3297 1256 3368 pedem
1276 3298 1414 3369 releuant,
1431 3311 1456 3357 et
1478 3316 1542 3369 cos,
1555 3304 1599 3373 qui
1615 3306 1694 3361 ticini
1714 3321 1747 3363 ae

949 3389 1088 3461 propinqui
1108 3397 1187 3456 aurit,
1198 3391 1323 3459 exquiras
1338 3434 1345 3455 ,
1361 3402 1441 3465 atque
1455 3410 1515 3449 curu
1536 3396 1637 3465 ingemi
1660 3398 1744 3453 autimi

948 3478 1137 3535 alacritateae
1151 3480 1239 3535 studio
1256 3482 1378 3544 emittas,
1390 3484 1546 3555 cunctisque
1569 3486 1747 3559 tam'propin·

947 3567 1009 3639 quis
1030 3584 1111 3640 quam
1134 3572 1244 3626 renuetis
1266 3572 1460 3642 anrplissiruam
1473 3576 1745 3647 utilitutctuatleras,

948 3669 1030 3730 atque
1042 3671 1238 3731 unguentorum
1254 3672 1376 3719 uaturmu
1387 3664 1509 3729 imiteris,
1519 3683 1579 3737 qua·
1595 3683 1647 3724 raon
1664 3670 1744 3724 rrtodo

950 3749 1039 3806 locum
1052 3766 1125 3817 eunt,
1134 3767 1188 3822 quo
1202 3752 1380 3823 excipiuntur,
1390 3756 1437 3809 seu
1449 3757 1528 3811 etiaur
1544 3758 1647 3827 lougius
1664 3774 1749 3815 rento·

951 3848 1008 3895 tum
1020 3854 1111 3895 aerem
1127 3855 1220 3911 trtagua
1234 3843 1364 3899 strat'itate
1380 3844 1551 3913 peu-tautum.

1003 3972 1042 4028 tl
1050 3972 1078 4029 t.
1096 3972 1215 4029 Geroruiu
1238 3977 1391 4061 presbytero.
1407 3976 1522 4053 (Cocuso
1537 3964 1608 4037 atino
1622 3980 1698 4057 ddi.)

990 4110 1099 4183 lit·jarn
1114 4111 1146 4166 ad
1163 4110 1287 4183 pietatem
1310 4122 1380 4168 tuam
1396 4114 1487 4171 literas¹
1499 4114 1559 4171 dedi
1571 4155 1579 4184 ,
1593 4118 1751 4177 existimans

954 4210 980 4259 te
996 4203 1023 4257 in
1037 4203 1173 4259 l‘lroenicia
1183 4218 1243 4259 esse
1257 4212 1301 4260 :et
1311 4220 1382 4261 uuum
1392 4207 1456 4262 iteru
1471 4207 1575 4275 eadem,
1592 4227 1652 4282 qum
1664 4214 1749 4283 priris,

953 4297 1062 4363 scribo,
1080 4313 1175 4369 nempe
1186 4298 1264 4354 tobis
1276 4314 1347 4355 nunc
1361 4302 1477 4357 masline
1490 4304 1596 4373 quiduis
1617 4296 1750 4377 agendum

953 4405 985 4445 ac
998 4384 1186 4460 periucundum
1203 4404 1273 4473 csse,
1290 4382 1364 4448 ut'ne
1379 4405 1623 4463 segeternvcstrnnr
1640 4404 1754 4453 uacuam¹

953 4490 982 4538 et
994 4483 1101 4538 inaurem
1113 4482 1262 4550 deseratis,
1279 4486 1488 4557 necquidquam
1504 4466 1615 4551 erorum,
1632 4504 1691 4559 qum
1710 4507 1752 4545 rc-

955 4586 999 4631 cte
1010 4584 1037 4632 et
1052 4591 1113 4643 curu
1127 4576 1205 4631 ιιιιιιι
1223 4585 1298 4647 gesta
1310 4586 1383 4640 suut,
1394 4576 1548 4635 laltelactari
1567 4588 1647 4649 atque
1668 4580 1752 4635 luatur-

955 4669 1115 4724 iresiuatis.
1138 4669 1209 4727 Num
1225 4678 1253 4725 et
1275 4677 1410 4739 pastores,
1425 4684 1486 4725 cum
1511 4670 1645 4742 ingentem
1662 4669 1749 4725 labem

955 4763 988 4817 ad
1002 4778 1067 4818 oves
1080 4762 1206 4833 uiridique
1220 4772 1387 4833 grassantem
1401 4755 1608 4834 eorttpe'roriut,
1627 4768 1689 4817 ιιιιιι
1704 4766 1752 4833 ιιι)-

956 4842 1261 4919 tissimumosciemtur,
1277 4868 1309 4909 ae
1324 4854 1443 4925 vigilant,
1458 4854 1619 4925 lunulaurqne
1632 4864 1750 4919 ειιιιιιιιι,Ι

955 4948 1114 5018 eaeterisque
1134 4948 1236 5005 artibus
1250 4956 1370 5017 utuntur,
1385 4964 1439 5020 qno
1461 4948 1657 5005 incommodum
1672 4960 1752 5002 οιιιιιι

956 5056 1066 5112 agrege
1090 5040 1253 5112 propulsent.
1273 5038 1307 5094 Et
1324 5024 1430 5109 quidem
1446 5054 1506 5095 eum
1520 5037 1601 5094 lareub
1622 5038 1754 5107 pecrulrrnt

956 5134 1068 5191 rationis
1091 5132 1240 5203 expertium
1264 5147 1355 5189 curum
1379 5146 1490 5205 gerens,
1518 5140 1587 5187 totus
1608 5131 1701 5185 decem
1724 5142 1751 5185 et
1799 5167 1802 5173 ·

956 5236 1071 5299 quatuor
1084 5240 1168 5281 aranos
1186 5226 1257 5282 serui
1281 5240 1378 5281 rrurtnus
1402 5224 1516 5289 obierit,
1530 5216 1650 5293 metuque
1660 5236 1692 5277 ac
1705 5220 1752 5275 iri·

957 5327 1060 5390 goroet
1073 5316 1169 5386 vigiliis
1185 5314 1275 5372 nrultis
1295 5317 1472 5382 condictatus,
1489 5313 1664 5384 uilissimiquo
1679 5325 1752 5365 runer-

958 5411 1057 5465 ceuarii
1073 5408 1161 5465 cilicio
1173 5408 1279 5465 lurrtctus
1293 5410 1345 5473 sit,
1360 5405 1496 5477 perpende
1510 5406 1611 5471 animo,
1624 5404 1753 5475 quidnam

959 5502 987 5568 ii,
1001 5516 1114 5573 quornm
1127 5500 1187 5557 tidei
1200 5514 1264 5556 ores
1275 5500 1377 5555 ratione
1389 5498 1506 5568 predium
1516 5496 1666 5552 corripuisse
1677 5504 1750 5562 sirau,

958 5608 1039 5665 agere
1060 5610 1092 5648 uc
1113 5594 1215 5665 perpeti
1236 5585 1367 5658 debeant,
1390 5604 1423 5645 ue
1442 5606 1492 5659 qua
1506 5605 1539 5645 er
1559 5589 1623 5659 ipsis
1643 5588 1751 5659 'percae

956 5688 1088 5756 Qttocirea
1105 5700 1131 5744 te
1142 5688 1265 5751 obsecro,
1277 5692 1307 5740 ιι
1317 5698 1373 5755 quo·
1394 5683 1478 5753 major
1489 5690 1530 5738 est
1550 5691 1712 5752 milipedas,
1726 5690 1754 5737 et

961 5784 1040 5853 plura
1058 5782 1154 5847 urata,
1179 5785 1215 5836 et'
1230 5778 1330 5850 majora
1364 5774 1552 5849 impedimenta
1580 5774 1754 5847 obiiciantur.
