4142 6342
240 299 277 358 rs
597 286 626 349 s.
646 248 1511 349 tutunuscnnvsosrourtucmsr.consrtnnnor.
1853 295 1889 354 μ

237 428 292 475 uon
307 409 368 468 talis
378 421 480 483 pauper
491 423 498 464 ι
509 419 563 464 uon
577 404 649 463 euim
663 418 729 459 auro
743 400 853 458 colludit
865 409 891 458 et
905 408 1033 472 argento,

238 501 393 564 inanimatis
406 499 537 567 prateriis,
548 495 595 554 sed
605 496 661 553 lieo
672 494 762 551 omnia
774 495 883 566 copiose
896 490 1034 564 praebenti.

171 615 173 618 ·
238 598 331 672 ltaque
343 595 425 654 ¹dives
437 593 522 665 magis
539 593 565 647 iu
581 591 683 646 incerto
694 603 773 662 quam
793 603 894 660 pauper
905 586 1036 644 constitu·

239 699 282 749 lus
293 698 351 758 est,
372 703 432 746 cum
449 686 601 758 frequentes
614 691 642 739 et
653 683 792 739 continuas
811 682 973 738 mutationes
992 695 1037 736 re·

239 781 330 853 olpiat
346 777 415 850 Quid
430 791 494 834 vero
516 773 581 830 illud
594 783 654 842 est,
671 771 721 841 Qut
734 781 838 845 prestat
856 772 926 827 nobis
939 769 1038 827 abunde

240 875 325 930 omnio
352 869 387 927 nd
408 867 545 944 fruendum
569 866 615 943 (l.
630 863 698 921 Tim.
713 863 741 922 6.
757 865 812 938 l'l)
828 865 840 919 i
858 863 951 920 Omnia
975 877 1037 921 eum

238 965 363 1038 largitate
380 961 427 1019 dat
446 961 534 1028 Deus,
548 975 608 1032 qua
623 967 686 1016 sunt
705 958 885 1030 multomagis
900 972 980 1029 quarn
990 971 1039 1028 pe·

238 1057 324 1114 cuniae
336 1043 499 1122 necessaria,
514 1061 544 1108 ut
563 1066 652 1116 nerem
663 1093 670 1121 ‚
682 1041 796 1122 nquam,
811 1049 916 1122 ignem,
932 1042 1036 1118 solem,

238 1149 330 1206 omnia
351 1147 425 1204 talia.
440 1146 499 1202 Nou
522 1145 586 1202 lieet
608 1131 698 1203 dicere
713 1141 783 1216 quod
799 1142 884 1212 magis
899 1141 980 1198 radiis
994 1139 1037 1198 di-

239 1259 305 1312 res,
318 1241 489 1322 missusqvero
511 1255 611 1312 pauper
633 1236 757 1295 lruatur:
773 1236 905 1293 nonlicet
921 1235 1013 1294 dicere
1027 1278 1036 1307 ,

240 1336 313 1408 quod
327 1331 505 1406 copiosiorem
519 1345 609 1388 aerem
622 1345 703 1402 quam
714 1343 814 1402 pauper
827 1327 939 1401 respiret
951 1327 1037 1396 dives,

240 1429 288 1486 sed
303 1429 392 1485 omniu
407 1427 479 1498 paria
492 1435 519 1482 et
535 1424 686 1482 communia
708 1423 844 1497 proposita
862 1430 934 1478 stunt.
950 1419 1039 1490 Quare

240 1524 322 1596 igitur
342 1521 444 1594 majora
455 1519 563 1592 quidem
585 1527 612 1576 et
633 1519 717 1590 magis
731 1517 900 1585 necessaria,
917 1525 943 1572 et
955 1515 1037 1572 vitam

228 1625 361 1683 ¹nostrum
383 1614 563 1679 continentia,
577 1612 729 1669 communia
748 1611 819 1667 bens
833 1610 913 1677 lecit;
935 1609 1039 1667 minora

240 1725 305 1767 vero
317 1717 344 1765 et
356 1707 448 1764 viliora
457 1722 510 1762 non
521 1713 584 1761 sunt
592 1703 881 1774 eommunia‚peouniae
890 1703 1015 1758 nimirum
1026 1701 1039 1756 'i

240 1817 293 1874 qua
303 1800 444 1858 derauso?
457 1797 494 1858 Ut
507 1799 562 1855 vita
579 1807 671 1854 nostra
688 1805 877 1862 conservetur,
891 1804 919 1852 ct
933 1795 1040 1852 virtutis

240 1892 327 1951 stadia
342 1891 497 1948 babeamus.
512 1888 541 1947 Si
557 1889 628 1946 eninr
644 1901 698 1945 non
712 1897 803 1948 essent
814 1888 966 1946 necessaria
981 1887 1040 1944 baec

239 1984 392 2044 comuuuuia
406 2026 414 2054 ,
428 1985 498 2042 torte
518 1983 615 2040 divites
634 1983 713 2040 solita
726 1982 766 2039 usi
781 1982 891 2038 avaritia
907 1995 1039 2054 pauperes

239 2077 418 2136 sullocassent
432 2094 438 2131 :
453 2075 563 2133 sienim
585 2074 612 2131 in
634 2074 733 2131 divitiis
748 2073 799 2132 hoe
813 2073 930 2142 iaciunt,
954 2073 1039 2129 multo

240 2169 326 2242 magis
349 2169 377 2224 in
395 2167 448 2226 illis
462 2167 598 2224 iecissent.
614 2167 731 2224 Rursum
747 2166 771 2222 sl
783 2171 811 2224 et
823 2166 943 2238 pecuniae
965 2180 1040 2222 curu·

240 2275 338 2320 munes
350 2269 485 2329 essent,et
494 2261 618 2317 similiter
627 2259 751 2316 omnibus
759 2259 913 2331 propositae,
922 2259 1040 2316 elcemo-

241 2371 318 2430 synae
338 2354 444 2411 occasio
454 2354 558 2411 sublata
580 2361 662 2422 esset,
677 2361 705 2410 ct
713 2353 831 2409 caritatis
843 2352 1036 2424 opportunitas.

277 2448 305 2506 7.
315 2446 352 2507 Ut
365 2447 445 2520 igitur
458 2461 552 2503 secure
562 2446 683 2502 vivamus
695 2487 703 2513 ,
717 2459 875 2502 communes
889 2443 964 2501 iaetu
977 2451 1040 2500 sunt

239 2542 318 2601 nobis
329 2541 389 2598 vitto
401 2551 504 2609 causan
514 2555 630 2608 rursum,
643 2548 673 2596 ut
682 2538 830 2596 babeamus
839 2554 997 2602 coronarum
1012 2549 1040 2596 ct

239 2634 349 2692 laudum
371 2632 556 2700 occasionem,
572 2647 625 2688 non
637 2646 793 2690 communes
814 2630 891 2687 iactae
908 2642 971 2687 sunt
991 2645 1039 2701 pe·

239 2728 337 2797 cuniae,
353 2736 381 2784 ut
398 2727 537 2785 avaritiam
547 2727 632 2794 exosi,
649 2735 677 2784 et
688 2727 819 2798 iustitiam
833 2736 976 2792 sectantes,
989 2741 1039 2783 uo-

219 2830 296 2878 .strn
329 2819 508 2893 indigentibus
542 2829 703 2891 erogantes,
728 2817 836 2891 aliquod
866 2830 1038 2890 peccatorum

238 2921 394 2970 nostrorum
417 2911 565 2968 remedium
588 2911 727 2982 perviam
748 2909 819 2967 banc
832 2911 979 2982 capiamus.
991 2911 1039 2966 nt-

239 3007 320 3064 vitem
333 3015 361 3065 te
373 3005 434 3063 lecit
453 3007 533 3074 Deus,
549 3004 613 3076 quid
635 3013 662 3060 te
685 3005 773 3077 ipsum
793 3019 939 3076 pauperem
953 3003 1039 3060 lacisl

239 3099 357 3157 Divitem
371 3107 397 3154 te
411 3097 487 3165 lecit,
501 3107 530 3153 ιιι
543 3097 634 3170 egenis
647 3097 800 3166 auxilieris,
813 3106 842 3154 ut
863 3107 976 3170 peccata,
995 3105 1040 3156 tua

240 3194 330 3252 solvas
339 3208 388 3266 per
396 3192 583 3249 liberalitatem
595 3191 655 3248 aliis
668 3191 814 3248 exhibitam
826 3209 832 3248 ι
843 3191 918 3248 dedit
931 3191 977 3248 tibi
993 3207 1039 3264 pe·

240 3287 418 3355 eunias,non
432 3298 460 3344 ιιι
479 3287 506 3344 in
526 3295 639 3344 mortem
659 3296 731 3342 tuam
756 3285 883 3354 claudas,
896 3286 946 3344 sed
961 3295 990 3343 ut
1012 3286 1039 3342 lu

240 3381 355 3440 saltitem
369 3388 441 3436 tuam
455 3377 589 3436 ellundas.
604 3379 750 3450 Propterea
763 3387 791 3435 et
803 3380 921 3450 ipsarum
933 3393 1039 3451 posses·

239 3474 344 3532 sionem
357 3475 486 3529 incertam
500 3483 524 3528 ct
537 3487 589 3528 nou
603 3473 726 3529 stabilem
742 3471 814 3541 lecit,
829 3483 859 3527 ut
873 3487 920 3543 per
935 3470 986 3527 boc
997 3472 1039 3528 in·

241 3568 326 3626 sanias
337 3568 408 3624 eirca
419 3568 491 3638 ipsas
501 3566 676 3622 inventionem
690 3564 859 3622 dissolveret.
872 3564 901 3622 Sl
912 3566 983 3622 enim
994 3564 1040 3636 qul

240 3676 313 3718 nunc
335 3659 488 3731 possident,
502 3657 547 3730 qui
567 3657 680 3729 deipsis
698 3656 834 3714 conludere
855 3674 908 3714 non
929 3657 1038 3724 valent,

240 3753 361 3827 quinimo
371 3752 468 3808 mnltas
482 3765 515 3806 ex
526 3750 578 3806 bac
587 3757 775 3814 renascentes
790 3748 900 3806 insidias
913 3758 1037 3816 cernunt,

240 3849 280 3905 sic
290 3847 360 3904 cirea
373 3846 480 3902 illarum
499 3843 661 3901 desiderium
675 3842 873 3900 succenduntur
888 3860 895 3898 ι
910 3843 931 3898 si
944 3855 970 3898 et
987 3841 1040 3898 lroc

240 3937 361 3996 additum
375 3947 462 4005 esset,
479 3945 507 3993 ut
527 3936 640 3997 stabiles
653 3945 681 3992 ct
693 3936 804 3992 minime
818 3935 924 3992 caducas
940 3935 1036 4001 forent,

240 4019 286 4104 qui
306 4023 506 4102 pepercissent?
520 4044 535 4084 a
550 4043 603 4101 qvvo
617 4027 809 4084 abstinuissent
819 4027 857 4082 la
872 4043 923 4096 qua
940 4026 1040 4083 viduai

241 4139 257 4180 a
283 4123 379 4195 quibus
399 4121 529 4194 pupillisl
551 4136 566 4176 a
590 4121 685 4192 quibus
705 4119 883 4191 pauperibus?
894 4118 933 4176 Ne
959 4119 1040 4190 igitur

241 4232 368 4288 magunum
397 4223 521 4290 putemus
542 4212 641 4269 bouum
667 4227 729 4269 esse
752 4213 857 4268 divitias
885 4227 1040 4283 :maguum

242 4310 314 4364 euim
329 4308 445 4373 bonum,
459 4321 512 4362 nun
524 4306 661 4377 possidere
676 4306 821 4377 pecunias,
836 4304 884 4361 sed
900 4305 947 4362 Dei
961 4306 1040 4360 tirno·

242 4417 300 4460 rem
311 4409 338 4458 ct
350 4399 527 4456 reverentiam
541 4398 687 4470 possidere.
700 4397 769 4453 Ecce
783 4410 853 4451 nurrc
863 4396 885 4451 sl
899 4395 958 4467 quis
968 4404 1041 4472 esset

239 4496 342 4568 justus,
359 4503 386 4550 et
405 4492 476 4565 apud
492 4491 577 4548 Deum
596 4489 699 4546 fiduciae
719 4488 821 4546 babens
840 4487 972 4554 multum,
988 4486 1039 4543 etsi

178 4615 183 4632 .
243 4589 363 4648 omnium
389 4587 527 4665 lrontinuvn
562 4583 749 4657 pauperrimus
779 4589 870 4649 essct,
896 4581 1040 4652 praesentia

242 4684 315 4741 mala
329 4673 433 4740 solvere
447 4687 559 4753 pusset;
575 4679 640 4735 satis
655 4678 726 4734 onim
745 4687 816 4732 osset
830 4685 932 4731 tarnum
946 4677 973 4731 in
988 4690 1041 4732 cou-

242 4778 299 4834 lum
313 4789 406 4832 manus
420 4773 576 4836 extendero,
593 4781 619 4826 et
632 4772 714 4826 ileum
729 4771 863 4834 invocare,
881 4777 909 4825 et
920 4767 978 4838 hepo
993 4782 1041 4824 ne·

242 4869 305 4928 bula
328 4866 486 4939 praeteriret.
501 4866 603 4920 Aurum
620 4877 685 4918 vero
700 4869 802 4918 ιιιιιιιιιι
817 4862 963 4933 repositum
984 4862 1041 4918 luto

242 4960 316 5019 omni
330 4959 363 5015 ad
379 4955 590 5029 impendentium
605 4953 735 5028 malorum
750 4953 913 5009 solutionem
922 4951 1042 5008 inutilius

243 5064 284 5112 est
300 5073 306 5109 :
322 5067 372 5110 trec
386 5052 413 5106 in
433 5050 484 5106 lroe
499 5057 600 5105 tanturn
616 5046 753 5120 periculo,
775 5046 823 5104 sed
837 5047 909 5120 etsi
931 5047 1042 5104 morbus
1078 5064 1079 5067 ¹

243 5144 487 5221 comprehenderit,
502 5145 559 5200 sive
568 5157 652 5210 mors,
664 5139 720 5196 sive
734 5140 806 5198 aliud
820 5138 884 5212 quid
898 5139 1041 5210 ejusmodi,

243 5239 413 5310 redarguitur
427 5235 600 5308 pecuniarum
616 5232 657 5289 vis
671 5232 804 5303 intpotens
815 5273 823 5300 ,
835 5241 862 5288 et
874 5231 975 5288 nullam
994 5247 1042 5286 vo·

243 5333 303 5391 lens
325 5330 359 5387 dc
377 5329 486 5400 proprio
505 5325 717 5384 consolationem
738 5326 766 5383 ln
788 5324 910 5382 adversis
932 5323 1041 5382 allerre.

244 5426 333 5483 Unum
346 5433 387 5480 est
408 5438 461 5494 quo
475 5428 658 5494 paupertatem
682 5419 781 5476 divitias
800 5434 928 5492 superare
950 5419 1044 5476 viden·

245 5531 300 5599 tur,
315 5515 478 5592 quotidianis
492 5515 615 5574 dililuere
628 5515 750 5583 deliciis,
765 5523 794 5570 et
808 5513 890 5570 multa
905 5513 932 5570 in
951 5515 1044 5572 convi-

244 5614 296 5670 viis
316 5611 415 5682 repleri
432 5608 576 5681 voluptate.
595 5607 651 5664 linc
674 5616 763 5663 buten
790 5615 817 5662 et
845 5607 871 5661 in
896 5621 1044 5676 pauperum

247 5719 339 5762 titensa
354 5701 511 5770 contingere
527 5699 642 5770 videtur,
652 5709 680 5757 et
690 5697 740 5756 bos
752 5699 846 5771 majori
857 5715 936 5771 quarn
950 5715 1045 5758 ornnes

247 5799 343 5858 divites
358 5795 493 5868 voluptate
504 5792 567 5852 imi.
582 5793 617 5850 Et
630 5811 664 5852 nc
682 5792 834 5862 miremini,
849 5808 916 5851 neve
930 5793 1045 5852 incredi-

1092 400 1146 458 bile
1159 400 1276 489 putetis,
1296 400 1369 474 quod
1390 401 1490 458 dictum
1512 410 1555 459 est
1568 421 1576 461 ι
1591 403 1783 477 cripsaenim
1796 421 1888 470 rerum
1943 381 1952 394 ⁸

1091 496 1319 556 demonstratione
1334 497 1385 555 boc
1401 497 1586 578 vobis-laciam
1600 499 1782 559 manilestum.
1798 502 1889 564 Nostis
1944 484 1955 494 ’

1091 589 1190 662 quippe
1203 603 1315 655 ornnes,
1329 596 1357 647 et
1378 589 1430 646 lroc
1440 590 1622 658 contuemini,
1636 592 1707 664 quud
1718 595 1888 666 voluptatem

1091 683 1118 740 in
1130 683 1262 748 conviviis
1273 698 1325 740 non
1336 682 1496 742 lerculorum
1509 696 1614 755 natura,
1626 686 1673 743 sed
1688 688 1888 748 concitantium

1091 777 1233 852 dispositio
1253 778 1343 837 lacere
1365 778 1504 836 consuevit
1518 798 1526 836 ι
1540 788 1624 852 puta,
1649 795 1710 838 curu
1736 783 1808 840 inme
1829 785 1890 856 quis

1091 887 1212 932 menmm
1234 874 1385 946 attingens,
1400 873 1474 931 omasi
1492 871 1606 930 obsonio
1617 883 1644 932 et
1657 875 1846 943 condimento,
1861 886 1890 936 et
1974 879 1981 886 '

1092 965 1241 1023 innumeris
1270 966 1392 1024 ciborum
1408 957 1554 1023 ¹illecebris
1576 966 1765 1038 iucundiorem
1799 984 1889 1028 csoevu

1091 1061 1225 1134 gustabit,
1243 1061 1294 1118 etsi
1323 1061 1443 1117 omniurn
1470 1060 1680 1117 vilissima'sit:
1700 1061 1890 1120 necessitatem

1091 1167 1156 1208 vero
1175 1160 1204 1208 et
1223 1151 1338 1209 esuriem
1364 1151 1548 1223 preveniens,
1562 1151 1634 1224 quod
1653 1152 1751 1211 divites
1769 1153 1888 1220 iaciunt,

1091 1248 1114 1305 si
1136 1248 1216 1305 etiam
1231 1248 1366 1319 placentas
1389 1245 1522 1306 invenerit
1539 1245 1692 1319 appositas,
1715 1261 1768 1304 non
1791 1248 1891 1306 sentiet

1092 1342 1274 1413 voluptatem,
1293 1341 1376 1413 ipsius
1399 1340 1519 1413 appetitu
1542 1355 1597 1398 non
1610 1342 1736 1398 excitato.
1752 1341 1786 1399 tlt
1799 1349 1828 1397 nt
1848 1337 1916 1397 di-⁸

1091 1451 1151 1493 scas
1165 1437 1262 1493 iruulta
1279 1451 1310 1492 se
1329 1434 1437 1500 trabere,
1453 1443 1537 1492 testes
1551 1435 1659 1506 quidem
1672 1443 1700 1492 et
1716 1449 1888 1502 vcsomnes;

1092 1530 1231 1587 audiamus
1244 1541 1332 1587 autern
1346 1540 1374 1587 et
1388 1529 1552 1600 Scriptorum
1566 1529 1619 1587 hoc
1632 1531 1717 1601 ipsum
1732 1531 1866 1588 dicentem
1880 1547 1888 1584 ε

1091 1625 1185 1680 Animo
1196 1633 1311 1680 anturntu
1331 1620 1396 1694 sunia
1407 1623 1506 1686 illudit,
1518 1623 1613 1679 attimar
1621 1632 1707 1678 αιιιιιιι
1719 1623 1802 1695 epenti
1811 1622 1890 1679 ιιίιιιιι

1091 1736 1179 1775 amaru
1205 1719 1292 1776 dulcio
1313 1719 1438 1774 uidentur.
1455 1717 1554 1790 (Pron.
1570 1719 1615 1774 27.
1632 1717 1671 1790 Ἰ).
1685 1718 1722 1775 Ει
1738 1726 1813 1789 certe
1824 1717 1890 1789 quid

1092 1812 1160 1868 lavis
1180 1812 1285 1870 dulcius
1301 1822 1330 1870 et
1350 1811 1452 1873 mellei
1464 1811 1518 1869 Sed
1531 1825 1585 1868 uon
1597 1810 1767 1882 iracundum,
1781 1811 1888 1882 inquit,

1091 1921 1145 1962 non
1171 1905 1308 1962 esurienti.
1321 1905 1390 1976 Quid
1416 1919 1481 1962 vero
1505 1904 1605 1961 amaris
1626 1902 1818 1974 iniucundius?
1841 1902 1890 1960 sed

1092 1999 1179 2056 dulcia
1191 2006 1255 2054 sunt
1268 1999 1295 2054 in
1310 1997 1438 2070 pauperie
1450 1997 1612 2054 constitutis.
1625 1995 1703 2066 Quod
1716 2006 1806 2053 autem
1820 2011 1888 2067 pan·

1092 2105 1171 2163 peres
1189 2105 1250 2146 cum
1272 2088 1433 2148 necessitate
1445 2087 1575 2163 etesurie
1596 2085 1630 2143 ad
1648 2088 1739 2145 ciburn
1758 2087 1886 2154 veniant,

1091 2182 1189 2242 divites
1202 2197 1266 2240 vero
1277 2197 1337 2240 eam
1350 2197 1404 2239 non
1424 2188 1597 2251 exspectent,
1614 2179 1665 2236 lroc
1685 2179 1785 2251 quique
1801 2178 1889 2236 mani·

1091 2278 1189 2336 festum
1203 2285 1245 2334 est
1259 2295 1266 2333 ι
1282 2276 1353 2333 uude
1366 2275 1513 2348 legitimam
1534 2282 1562 2331 ct
1579 2274 1712 2330 sinceram
1725 2272 1888 2342 voluptatem

1093 2385 1147 2426 ivon
1156 2369 1275 2441 capiunt.
1289 2368 1345 2424 Nec
1357 2368 1384 2424 in
1397 2367 1464 2424 cibis
1477 2375 1590 2434 tantum,
1604 2364 1652 2422 sed
1664 2374 1693 2422 et
1703 2365 1731 2420 in
1742 2373 1807 2434 potu
1817 2362 1888 2425 lucu

1091 2461 1214 2519 accidere
1222 2461 1314 2518 videre
1328 2460 1389 2518 lieet
1401 2478 1408 2514 :
1422 2468 1450 2517 et
1461 2458 1529 2516 sicut
1540 2458 1596 2515 illic
1605 2457 1709 2514 esuries
1718 2470 1797 2528 supra
1812 2471 1889 2515 caca·
1940 2517 1948 2528 Ι

1092 2571 1152 2612 rum
1163 2563 1289 2612 naturam
1309 2554 1471 2626 voluptatem
1486 2550 1603 2619 inducit,
1617 2551 1697 2607 sicet
1717 2548 1760 2605 bic
1773 2548 1833 2604 sitis
1842 2547 1888 2618 ju·

1092 2650 1286 2708 cundissinuum
1305 2657 1396 2719 potum
1411 2646 1500 2704 lacere
1520 2644 1676 2711 consuevit,
1695 2643 1747 2700 etsi
1768 2657 1835 2713 pura
1854 2641 1891 2698 sit

1091 2759 1230 2817 aquaquae
1253 2741 1367 2799 bibatur.
1382 2739 1417 2796 Et
1441 2739 1494 2796 lroc
1515 2738 1602 2810 ipsum
1625 2734 1757 2808 propbeta
1777 2732 1890 2790 demon·

1092 2849 1180 2897 straus
1195 2879 1202 2904 ,
1229 2837 1335 2894 dicebat
1360 2852 1367 2889 ε
1392 2833 1436 2889 Et·
1452 2834 1484 2891 de
1505 2842 1577 2904 petru
1603 2829 1678 2886 meite
1702 2825 1826 2883 toteravit
1846 2839 1890 2881 ece

1092 2931 1188 3004 (Psoi.
1205 2931 1249 2986 su.
1273 2930 1307 2986 l¹l
1320 2929 1342 3001 l.
1368 2926 1449 2998 Atqui
1471 2926 1523 2982 boc
1547 2936 1677 2994 nusquam
1699 2919 1727 2974 in
1750 2916 1889 2988 Scriptura

1092 3026 1191 3082 lectum
1204 3033 1264 3090 est,
1281 3021 1352 3094 quod
1373 3021 1426 3075 mel
1447 3019 1481 3074 de
1498 3025 1574 3088 petra
1587 3013 1677 3070 lloses
1689 3009 1823 3077 eduxerit,
1838 3005 1888 3066 sed

1092 3118 1191 3189 ubique
1202 3115 1313 3182 lluvios,
1326 3122 1356 3170 et
1367 3126 1467 3182 aquas,
1477 3118 1505 3165 et
1525 3107 1620 3179 irlglda
1633 3105 1743 3162 bucon.
1757 3099 1828 3172 nutu
1840 3102 1890 3172 igi-

1093 3221 1137 3269 tur
1152 3210 1260 3267 tandem
1284 3214 1326 3264 est
1346 3204 1418 3279 quod
1430 3202 1547 3261 dicitur?
1564 3198 1736 3272 nequeenim
1750 3194 1889 3266 Scriptura

1093 3307 1230 3363 mentitur.
1248 3302 1392 3373 Postquam
1406 3299 1478 3355 eninr
1498 3295 1619 3352 sitientes
1637 3303 1665 3350 et
1679 3290 1824 3363 indigentia
1838 3287 1889 3345 de·

1092 3400 1193 3470 latigati
1205 3398 1232 3453 in
1247 3395 1398 3468 frigidiores
1411 3406 1494 3464 aquas
1509 3389 1677 3454 inciderunt,
1688 3402 1721 3443 ex
1737 3394 1801 3455 potu
1813 3382 1890 3440 volu·

1092 3501 1193 3567 ptatem
1210 3502 1332 3546 asserere
1350 3486 1460 3550 volens,
1481 3483 1533 3540 urei
1547 3495 1643 3552 aquam
1657 3476 1819 3548 appellavit,
1834 3487 1888 3529 non

1093 3595 1228 3656 nmquam
1242 3588 1343 3638 munta
1356 3579 1382 3635 in
1402 3579 1456 3633 mel
1478 3586 1583 3639 natura,
1604 3572 1651 3628 sed
1672 3568 1820 3626 bibentium
1833 3566 1889 3624 dis·

1095 3677 1229 3750 positione
1253 3674 1352 3730 fluenta
1372 3671 1452 3728 melle
1471 3662 1776 3740 jucundioraiaciente.
1790 3659 1891 3718 Didici-

1092 3773 1145 3838 sti,
1156 3784 1211 3842 qno
1233 3767 1360 3825 modoet
1380 3773 1473 3837 putum
1495 3777 1604 3819 suavem
1619 3759 1765 3816 sitientium
1780 3753 1890 3812 allectio

1092 3864 1207 3921 reddere
1219 3859 1383 3917 consuevit?
1405 3856 1479 3913 liniti
1494 3854 1573 3927 igitur
1586 3865 1717 3924 pauperes
1727 3863 1800 3921 supe
1812 3848 1889 3904 labo·
1971 3846 1979 3858 ’

1092 3967 1183 4014 rantes
1198 3966 1225 4012 et
1238 3952 1391 4025 delatigati,
1404 3959 1433 4007 et
1445 3949 1488 4006 siti
1501 3948 1643 4014 ardentes,
1655 3959 1716 4002 cum
1726 3943 1797 4000 dicta
1810 3941 1889 3998 volu·

1093 4061 1166 4124 prate
1177 4049 1239 4106 talia
1250 4047 1369 4105 libavere
1381 4044 1481 4100 llucota
1492 4060 1499 4098 ι
1511 4041 1607 4098 divites
1616 4053 1682 4096 vero
1691 4039 1780 4093 vinum
1795 4049 1888 4105 suave,

1093 4154 1121 4203 et
1133 4144 1208 4200 llorls
1220 4142 1342 4207 odorem,
1355 4150 1384 4197 ct
1397 4153 1505 4195 omnem
1519 4137 1646 4192 virtutem
1660 4134 1773 4201 liabens,
1787 4146 1848 4203 quae
1860 4131 1889 4186 ln
1919 4211 1924 4220 Ι

1092 4243 1156 4297 vino
1169 4238 1255 4312 optari
1269 4238 1369 4311 possit,
1387 4235 1557 4301 haurientes,
1570 4247 1624 4288 nou
1642 4229 1764 4288 eamdent
1779 4243 1890 4286 sensere

1093 4333 1309 4390 delectationem.
1590 4380 1592 4382 ,

1128 4427 1231 4483 8.an
1249 4433 1277 4482 et
1296 4425 1323 4480 in
1343 4437 1439 4479 somno
1453 4423 1509 4479 ueri
1521 4421 1623 4477 videas.
1643 4419 1701 4474 Non
1717 4419 1789 4475 euim
1807 4417 1891 4474 molle

1093 4529 1227 4586 stratum,
1245 4532 1333 4588 neque
1353 4516 1543 4587 deargentatos
1556 4513 1657 4577 lectus,
1674 4525 1761 4583 neque
1772 4512 1848 4582 quies
1862 4509 1890 4565 ln

1093 4611 1212 4670 conclavi
1235 4612 1318 4676 lacta,
1339 4621 1426 4678 noque
1445 4604 1515 4661 aliud
1529 4603 1681 4675 hujusmodi
1694 4603 1829 4682 quidpiam
1844 4617 1890 4658 so·

1094 4719 1187 4762 mnsam
1201 4703 1306 4759 dulcem
1319 4709 1348 4756 et
1359 4699 1504 4772 proclivem
1520 4696 1609 4753 iacere
1626 4696 1713 4766 solet,
1728 4697 1797 4752 sicut
1816 4695 1891 4755 tabo·

1094 4812 1156 4853 rare
1176 4804 1204 4853 et
1226 4793 1340 4861 lassari,
1362 4801 1389 4849 et
1404 4793 1576 4848 vehementer
1590 4804 1685 4846 somno
1697 4790 1846 4860 indigentes
1863 4796 1891 4847 et

1095 4890 1271 4948 dormitantes
1287 4885 1412 4944 reclinari
1427 4903 1434 4939 z
1450 4895 1478 4941 et
1491 4887 1542 4941 troc
1560 4885 1668 4955 quidem
1682 4892 1796 4940 testatur
1809 4884 1889 4940 etiarn

1095 4995 1185 5040 rerum
1198 4979 1362 5052 experientia
1377 4997 1384 5036 ε
1397 4987 1509 5034 testatur
1520 4984 1609 5033 autem
1624 4985 1652 5034 et
1665 4985 1726 5033 ante
1738 4993 1827 5032 reruni
1841 4992 1892 5033 ex·

1096 5079 1251 5149 perlentium
1265 5073 1463 5146 seripturarum
1475 5071 1617 5129 sententia.
1638 5070 1747 5128 Deliciis
1761 5071 1832 5128 enim
1849 5071 1891 5124 in-

1096 5171 1212 5226 nutritus
1225 5167 1352 5224 Salomon
1365 5165 1436 5222 idcm
1449 5163 1635 5220 demonstrare
1646 5163 1750 5230 volens,
1764 5160 1891 5236 dicebat:

1096 5261 1233 5319 iucundus
1244 5275 1346 5316 surmus
1360 5272 1441 5323 oeruc,
1455 5257 1507 5313 siue
1524 5271 1625 5326 puram,
1641 5255 1692 5310 siue
1705 5251 1812 5307 muitum
1823 5267 1893 5306 com-

1098 5358 1156 5412 edat
1170 5354 1253 5427 (Erat.
1265 5354 1292 5410 5.
1313 5352 1369 5425 ll).
1390 5351 1444 5409 Cur
1464 5351 1544 5424 igitur
1557 5349 1641 5416 addit,
1657 5348 1717 5404 Sine
1727 5363 1828 5418 parurn,
1843 5346 1894 5401 siae

1097 5453 1205 5508 muttum
1218 5448 1349 5505 comedml
1360 5447 1446 5502 limbo
1458 5444 1517 5499 baec
1525 5441 1641 5515 vigiliam
1657 5441 1784 5497 inducere
1794 5439 1893 5506 solent,

1098 5546 1243 5617 indigentia
1256 5553 1284 5601 et
1297 5543 1404 5615 crapola
1416 5559 1423 5596 :
1435 5539 1480 5595 illa
1490 5537 1596 5609 quidem
1606 5536 1721 5608 corpus¹
1733 5533 1893 5599 arefaciens,

1098 5653 1126 5702 et
1139 5643 1281 5716 palpebras
1293 5653 1408 5697 corneas
1419 5635 1545 5703 reddens,
1557 5650 1607 5693 nee
1617 5633 1705 5691 claudi
1714 5633 1874 5705 permittens
1886 5647 1893 5685 ι

1133 5807 1142 5838 ¹
1159 5805 1195 5854 sic
1203 5802 1274 5865 juxta
1284 5795 1356 5850 savii.
1367 5805 1400 5848 tu.
1413 5803 1450 5860 tn,
1461 5810 1515 5860 pro,
1527 5807 1623 5861 empus,
1636 5792 1736 5856 legitur,
1748 5785 1873 5855 spiritum
