<?xml version="1.0" encoding="UTF-8"?>
<!DOCTYPE html PUBLIC "-//W3C//DTD XHTML 1.0 Transitional//EN"
    "http://www.w3.org/TR/xhtml1/DTD/xhtml1-transitional.dtd">
<html xmlns="http://www.w3.org/1999/xhtml" xml:lang="en" lang="en">
 <head>
  <title>
</title>
<meta http-equiv="Content-Type" content="text/html;charset=utf-8" />
  <meta name='ocr-system' content='tesseract 3.04.00' />
  <meta name='ocr-capabilities' content='ocr_page ocr_carea ocr_par ocr_line ocrx_word'/>
</head>
<body>
  <div class='ocr_page' id='page_1' title='image "./lta-11000/patrologicursus83migngoog/patrologicursus83migngoog_0372.png"; bbox 0 0 4142 6342; ppageno 0'>
   <div class='ocr_carea' id='block_1_1' title="bbox 243 297 1884 390">
    <p class='ocr_par' dir='ltr' id='par_1_1' title="bbox 243 297 1884 390">
     <span class='ocr_line' id='line_1_1' title="bbox 243 297 1884 390; baseline 0.004 -12"><span class='ocrx_word' id='word_1_1' title='bbox 243 328 303 390; x_wconf 68' lang='lat' dir='ltr'><strong>m</strong></span> <span class='ocrx_word' id='word_1_2' title='bbox 615 323 647 378; x_wconf 80' lang='lat' dir='ltr'><strong>S.</strong></span> <span class='ocrx_word' id='word_1_3' title='bbox 664 318 804 378; x_wconf 79' lang='lat' dir='ltr'><strong>lutrinis</strong></span> <span class='ocrx_word' id='word_1_4' title='bbox 822 297 1058 376; x_wconf 69' lang='lat' dir='ltr'><strong>c&#39;tlttlsosldttl</strong></span> <span class='ocrx_word' id='word_1_5' title='bbox 1077 316 1237 376; x_wconf 76' lang='lat' dir='ltr'><strong>uuutttuu.</strong></span> <span class='ocrx_word' id='word_1_6' title='bbox 1259 321 1525 379; x_wconf 79' lang='lat' dir='ltr'><strong>coustauttrton.</strong></span> <span class='ocrx_word' id='word_1_7' title='bbox 1799 329 1806 342; x_wconf 84' lang='lat'>&#39;</span> <span class='ocrx_word' id='word_1_8' title='bbox 1835 328 1884 384; x_wconf 77' lang='lat' dir='ltr'><strong>itt</strong></span> 
     </span>
    </p>
   </div>
   <div class='ocr_carea' id='block_1_2' title="bbox 244 432 1886 883">
    <p class='ocr_par' dir='ltr' id='par_1_2' title="bbox 244 432 1886 883">
     <span class='ocr_line' id='line_1_2' title="bbox 244 432 1886 515; baseline -0.007 -13"><span class='ocrx_word' id='word_1_9' title='bbox 244 443 300 500; x_wconf 76' lang='lat' dir='ltr'><strong>ure</strong></span> <span class='ocrx_word' id='word_1_10' title='bbox 313 439 617 515; x_wconf 79' lang='lat' dir='ltr'><strong>leoitluboutiuilutse‘t</strong></span> <span class='ocrx_word' id='word_1_11' title='bbox 635 437 661 489; x_wconf 92' lang='lat' dir='ltr'><strong>in</strong></span> <span class='ocrx_word' id='word_1_12' title='bbox 680 435 816 503; x_wconf 76' lang='lat' dir='ltr'><strong>irretientis.</strong></span> <span class='ocrx_word' id='word_1_13' title='bbox 833 432 956 512; x_wconf 69' lang='lat' dir='ltr'><strong>Deinde,</strong></span> <span class='ocrx_word' id='word_1_14' title='bbox 979 445 1040 486; x_wconf 91' lang='lat' dir='ltr'><strong>cum</strong></span> <span class='ocrx_word' id='word_1_15' title='bbox 1095 433 1249 500; x_wconf 85' lang='lat' dir='ltr'><strong>superuenit</strong></span> <span class='ocrx_word' id='word_1_16' title='bbox 1268 435 1387 490; x_wconf 89' lang='lat' dir='ltr'><strong>colorum</strong></span> <span class='ocrx_word' id='word_1_17' title='bbox 1407 436 1522 502; x_wconf 78' lang='lat' dir='ltr'><strong>ueritas,</strong></span> <span class='ocrx_word' id='word_1_18' title='bbox 1545 447 1571 494; x_wconf 89' lang='lat' dir='ltr'><strong>et</strong></span> <span class='ocrx_word' id='word_1_19' title='bbox 1593 440 1723 495; x_wconf 88' lang='lat' dir='ltr'><strong>sinceram</strong></span> <span class='ocrx_word' id='word_1_20' title='bbox 1745 439 1886 513; x_wconf 74' lang='lat' dir='ltr'><strong>irrxaqluonr</strong></span> 
     </span>
     <span class='ocr_line' id='line_1_3' title="bbox 245 521 1885 604; baseline -0.004 -12"><span class='ocrx_word' id='word_1_21' title='bbox 245 542 314 604; x_wconf 84' lang='lat' dir='ltr'><strong>post</strong></span> <span class='ocrx_word' id='word_1_22' title='bbox 325 530 513 601; x_wconf 76' lang='lat' dir='ltr'><strong>tantae-plagas</strong></span> <span class='ocrx_word' id='word_1_23' title='bbox 523 527 627 582; x_wconf 84' lang='lat' dir='ltr'><strong>Pharao</strong></span> <span class='ocrx_word' id='word_1_24' title='bbox 642 541 695 582; x_wconf 90' lang='lat' dir='ltr'><strong>nou</strong></span> <span class='ocrx_word' id='word_1_25' title='bbox 709 525 815 581; x_wconf 87' lang='lat' dir='ltr'><strong>cederet</strong></span> <span class='ocrx_word' id='word_1_26' title='bbox 828 566 836 591; x_wconf 95' lang='lat'><strong>,</strong></span> <span class='ocrx_word' id='word_1_27' title='bbox 850 526 955 580; x_wconf 88' lang='lat' dir='ltr'><strong>deuurm</strong></span> <span class='ocrx_word' id='word_1_28' title='bbox 971 524 1042 579; x_wconf 83' lang='lat' dir='ltr'><strong>ileos</strong></span> <span class='ocrx_word' id='word_1_29' title='bbox 1096 521 1297 579; x_wconf 85' lang='lat' dir='ltr'><strong>dernenstraxit.</strong></span> <span class='ocrx_word' id='word_1_30' title='bbox 1312 524 1358 580; x_wconf 89' lang='lat' dir='ltr'><strong>illa</strong></span> <span class='ocrx_word' id='word_1_31' title='bbox 1373 527 1428 597; x_wconf 83' lang='lat' dir='ltr'><strong>typi</strong></span> <span class='ocrx_word' id='word_1_32' title='bbox 1442 538 1535 594; x_wconf 89' lang='lat' dir='ltr'><strong>eraut,</strong></span> <span class='ocrx_word' id='word_1_33' title='bbox 1555 529 1629 596; x_wconf 80' lang='lat' dir='ltr'><strong>trac,</strong></span> <span class='ocrx_word' id='word_1_34' title='bbox 1644 530 1707 600; x_wconf 75' lang='lat' dir='ltr'><strong>ipsae</strong></span> <span class='ocrx_word' id='word_1_35' title='bbox 1728 546 1771 588; x_wconf 89' lang='lat' dir='ltr'><strong>res</strong></span> <span class='ocrx_word' id='word_1_36' title='bbox 1786 549 1793 586; x_wconf 78' lang='grc' dir='ltr'><strong>ι</strong></span> <span class='ocrx_word' id='word_1_37' title='bbox 1815 535 1885 603; x_wconf 72' lang='lat' dir='ltr'><strong>equod</strong></span> 
     </span>
     <span class='ocr_line' id='line_1_4' title="bbox 249 611 1884 692; baseline -0.002 -12"><span class='ocrx_word' id='word_1_38' title='bbox 249 632 364 680; x_wconf 85' lang='lat' dir='ltr'><strong>mortem</strong></span> <span class='ocrx_word' id='word_1_39' title='bbox 378 619 612 692; x_wconf 69' lang='lat' dir='ltr'><strong>primogenitorum</strong></span> <span class='ocrx_word' id='word_1_40' title='bbox 627 615 745 671; x_wconf 90' lang='lat' dir='ltr'><strong>immittit</strong></span> <span class='ocrx_word' id='word_1_41' title='bbox 761 633 769 669; x_wconf 78' lang='grc' dir='ltr'><strong>ι</strong></span> <span class='ocrx_word' id='word_1_42' title='bbox 784 616 856 682; x_wconf 89' lang='lat' dir='ltr'><strong>iude,</strong></span> <span class='ocrx_word' id='word_1_43' title='bbox 873 624 902 670; x_wconf 98' lang='grc' dir='ltr'><strong>ιιι</strong></span> <span class='ocrx_word' id='word_1_44' title='bbox 912 627 1041 684; x_wconf 85' lang='lat' dir='ltr'><strong>compen-</strong></span> <span class='ocrx_word' id='word_1_45' title='bbox 1095 611 1220 668; x_wconf 84' lang='lat' dir='ltr'><strong>videlicet</strong></span> <span class='ocrx_word' id='word_1_46' title='bbox 1232 616 1302 670; x_wconf 87' lang='lat' dir='ltr'><strong>circo</strong></span> <span class='ocrx_word' id='word_1_47' title='bbox 1316 629 1392 671; x_wconf 84' lang='lat' dir='ltr'><strong>onem</strong></span> <span class='ocrx_word' id='word_1_48' title='bbox 1408 615 1563 674; x_wconf 72' lang='lat' dir='ltr'><strong>factumest.</strong></span> <span class='ocrx_word' id='word_1_49' title='bbox 1579 619 1712 690; x_wconf 71' lang='lat' dir='ltr'><strong>Sanguine</strong></span> <span class='ocrx_word' id='word_1_50' title='bbox 1725 621 1823 678; x_wconf 79' lang='lat' dir='ltr'><strong>Claristi</strong></span> <span class='ocrx_word' id='word_1_51' title='bbox 1837 641 1884 678; x_wconf 92' lang='lat' dir='ltr'><strong>or-</strong></span> 
     </span>
     <span class='ocr_line' id='line_1_5' title="bbox 245 701 1881 786; baseline -0.007 -17"><span class='ocrx_word' id='word_1_52' title='bbox 245 711 410 775; x_wconf 74' lang='lat' dir='ltr'><strong>diodimm,</strong></span> <span class='ocrx_word' id='word_1_53' title='bbox 430 724 464 763; x_wconf 90' lang='lat' dir='ltr'><strong>ne</strong></span> <span class='ocrx_word' id='word_1_54' title='bbox 487 708 529 763; x_wconf 83' lang='lat' dir='ltr'><strong>uis</strong></span> <span class='ocrx_word' id='word_1_55' title='bbox 548 707 648 782; x_wconf 80' lang='lat' dir='ltr'><strong>diutius</strong></span> <span class='ocrx_word' id='word_1_56' title='bbox 668 707 814 761; x_wconf 84' lang='lat' dir='ltr'><strong>iratrxrorans</strong></span> <span class='ocrx_word' id='word_1_57' title='bbox 834 707 963 775; x_wconf 85' lang='lat' dir='ltr'><strong>promissa</strong></span> <span class='ocrx_word' id='word_1_58' title='bbox 987 721 1040 759; x_wconf 95' lang='lat' dir='ltr'><strong>non</strong></span> <span class='ocrx_word' id='word_1_59' title='bbox 1096 701 1137 757; x_wconf 90' lang='lat' dir='ltr'><strong>bis</strong></span> <span class='ocrx_word' id='word_1_60' title='bbox 1152 715 1281 760; x_wconf 86' lang='lat' dir='ltr'><strong>terrarum</strong></span> <span class='ocrx_word' id='word_1_61' title='bbox 1293 706 1445 763; x_wconf 88' lang='lat' dir='ltr'><strong>liberandus</strong></span> <span class='ocrx_word' id='word_1_62' title='bbox 1457 721 1514 765; x_wconf 90' lang='lat' dir='ltr'><strong>erat</strong></span> <span class='ocrx_word' id='word_1_63' title='bbox 1527 713 1792 786; x_wconf 72' lang='lat' dir='ltr'><strong>maledictionemque</strong></span> <span class='ocrx_word' id='word_1_64' title='bbox 1804 716 1881 771; x_wconf 61' lang='lat' dir='ltr'><strong>decri.</strong></span> 
     </span>
     <span class='ocr_line' id='line_1_6' title="bbox 245 795 1884 883; baseline 0.002 -24"><span class='ocrx_word' id='word_1_65' title='bbox 245 804 397 876; x_wconf 79' lang='lat' dir='ltr'><strong>compleam</strong></span> <span class='ocrx_word' id='word_1_66' title='bbox 412 800 533 883; x_wconf 55' lang='lat' dir='ltr'><strong>:egressi</strong></span> <span class='ocrx_word' id='word_1_67' title='bbox 550 809 614 857; x_wconf 88' lang='lat' dir='ltr'><strong>sum</strong></span> <span class='ocrx_word' id='word_1_68' title='bbox 632 804 664 855; x_wconf 80' lang='lat' dir='ltr'><strong>ex</strong></span> <span class='ocrx_word' id='word_1_69' title='bbox 678 809 748 854; x_wconf 88' lang='lat' dir='ltr'><strong>terra</strong></span> <span class='ocrx_word' id='word_1_70' title='bbox 762 797 891 869; x_wconf 71' lang='lat' dir='ltr'><strong>Egypti,</strong></span> <span class='ocrx_word' id='word_1_71' title='bbox 911 806 936 852; x_wconf 89' lang='lat' dir='ltr'><strong>et</strong></span> <span class='ocrx_word' id='word_1_72' title='bbox 960 811 1042 851; x_wconf 87' lang='lat' dir='ltr'><strong>vene·</strong></span> <span class='ocrx_word' id='word_1_73' title='bbox 1095 803 1214 850; x_wconf 88' lang='lat' dir='ltr'><strong>naturus.</strong></span> <span class='ocrx_word' id='word_1_74' title='bbox 1229 795 1296 852; x_wconf 86' lang='lat' dir='ltr'><strong>Cum</strong></span> <span class='ocrx_word' id='word_1_75' title='bbox 1310 799 1388 869; x_wconf 80' lang='lat' dir='ltr'><strong>igitur</strong></span> <span class='ocrx_word' id='word_1_76' title='bbox 1404 801 1468 856; x_wconf 92' lang='lat' dir='ltr'><strong>illud</strong></span> <span class='ocrx_word' id='word_1_77' title='bbox 1480 817 1584 872; x_wconf 86' lang='lat' dir='ltr'><strong>quoquo</strong></span> <span class='ocrx_word' id='word_1_78' title='bbox 1598 819 1721 874; x_wconf 78' lang='lat' dir='ltr'><strong>rrtaqnuru</strong></span> <span class='ocrx_word' id='word_1_79' title='bbox 1742 815 1813 862; x_wconf 86' lang='lat' dir='ltr'><strong>essct</strong></span> <span class='ocrx_word' id='word_1_80' title='bbox 1833 808 1884 863; x_wconf 93' lang='lat' dir='ltr'><strong>mi-</strong></span> 
     </span>
    </p>
   </div>
   <div class='ocr_carea' id='block_1_3' title="bbox 245 887 1884 1330">
    <p class='ocr_par' dir='ltr' id='par_1_3' title="bbox 245 887 1884 1330">
     <span class='ocr_line' id='line_1_7' title="bbox 248 887 1884 963; baseline 0.001 -14"><span class='ocrx_word' id='word_1_81' title='bbox 248 901 312 949; x_wconf 76' lang='lat' dir='ltr'><strong>nat</strong></span> <span class='ocrx_word' id='word_1_82' title='bbox 323 891 357 946; x_wconf 90' lang='lat' dir='ltr'><strong>ad</strong></span> <span class='ocrx_word' id='word_1_83' title='bbox 368 905 443 945; x_wconf 78' lang='lat' dir='ltr'><strong>oram</strong></span> <span class='ocrx_word' id='word_1_84' title='bbox 457 890 548 944; x_wconf 90' lang='lat' dir='ltr'><strong>maris.</strong></span> <span class='ocrx_word' id='word_1_85' title='bbox 564 889 720 944; x_wconf 75' lang='lat' dir='ltr'>Exercitum</span> <span class='ocrx_word' id='word_1_86' title='bbox 735 898 793 957; x_wconf 92' lang='lat' dir='ltr'><strong>post</strong></span> <span class='ocrx_word' id='word_1_87' title='bbox 807 889 867 943; x_wconf 89' lang='lat' dir='ltr'><strong>ilios</strong></span> <span class='ocrx_word' id='word_1_88' title='bbox 880 887 957 942; x_wconf 82' lang='lat' dir='ltr'><strong>dixsit</strong></span> <span class='ocrx_word' id='word_1_89' title='bbox 970 887 1040 942; x_wconf 86' lang='lat' dir='ltr'><strong>Plta·</strong></span> <span class='ocrx_word' id='word_1_90' title='bbox 1097 888 1215 942; x_wconf 86' lang='lat' dir='ltr'><strong>reculam</strong></span> <span class='ocrx_word' id='word_1_91' title='bbox 1231 897 1259 944; x_wconf 89' lang='lat' dir='ltr'><strong>et</strong></span> <span class='ocrx_word' id='word_1_92' title='bbox 1272 890 1426 950; x_wconf 71' lang='lat' dir='ltr'><strong>incredibile</strong></span> <span class='ocrx_word' id='word_1_93' title='bbox 1440 893 1526 950; x_wconf 80' lang='lat' dir='ltr'><strong>stultae</strong></span> <span class='ocrx_word' id='word_1_94' title='bbox 1540 895 1636 952; x_wconf 80' lang='lat' dir='ltr'><strong>auimoe</strong></span> <span class='ocrx_word' id='word_1_95' title='bbox 1649 895 1800 952; x_wconf 84' lang='lat' dir='ltr'><strong>ludaeorum</strong></span> <span class='ocrx_word' id='word_1_96' title='bbox 1812 938 1822 963; x_wconf 97' lang='lat'><strong>,</strong></span> <span class='ocrx_word' id='word_1_97' title='bbox 1834 896 1884 955; x_wconf 84' lang='lat' dir='ltr'><strong>boe</strong></span> 
     </span>
     <span class='ocr_line' id='line_1_8' title="bbox 247 976 1883 1053; baseline 0.002 -14"><span class='ocrx_word' id='word_1_98' title='bbox 247 995 367 1039; x_wconf 74' lang='lat' dir='ltr'><strong>tuomum</strong></span> <span class='ocrx_word' id='word_1_99' title='bbox 381 980 547 1037; x_wconf 90' lang='lat' dir='ltr'><strong>multitudine</strong></span> <span class='ocrx_word' id='word_1_100' title='bbox 558 995 684 1036; x_wconf 77' lang='lat' dir='ltr'><strong>cundram</strong></span> <span class='ocrx_word' id='word_1_101' title='bbox 700 989 725 1036; x_wconf 92' lang='lat' dir='ltr'><strong>et</strong></span> <span class='ocrx_word' id='word_1_102' title='bbox 737 993 869 1049; x_wconf 89' lang='lat' dir='ltr'><strong>equorum</strong></span> <span class='ocrx_word' id='word_1_103' title='bbox 884 995 890 1032; x_wconf 81' lang='grc' dir='ltr'><strong>ι</strong></span> <span class='ocrx_word' id='word_1_104' title='bbox 910 990 941 1032; x_wconf 87' lang='grc' dir='ltr'><strong>ιιι</strong></span> <span class='ocrx_word' id='word_1_105' title='bbox 956 976 1041 1032; x_wconf 83' lang='lat' dir='ltr'><strong>aciean</strong></span> <span class='ocrx_word' id='word_1_106' title='bbox 1090 987 1226 1049; x_wconf 71' lang='lat' dir='ltr'><strong>praeparat</strong></span> <span class='ocrx_word' id='word_1_107' title='bbox 1240 991 1268 1036; x_wconf 91' lang='lat' dir='ltr'><strong>et</strong></span> <span class='ocrx_word' id='word_1_108' title='bbox 1282 981 1432 1052; x_wconf 78' lang='lat' dir='ltr'><strong>praeligurat</strong></span> <span class='ocrx_word' id='word_1_109' title='bbox 1445 984 1514 1039; x_wconf 84' lang='lat' dir='ltr'><strong>Deus</strong></span> <span class='ocrx_word' id='word_1_110' title='bbox 1529 999 1575 1053; x_wconf 85' lang='lat' dir='ltr'><strong>per</strong></span> <span class='ocrx_word' id='word_1_111' title='bbox 1588 999 1676 1040; x_wconf 80' lang='lat' dir='ltr'><strong>ouem.</strong></span> <span class='ocrx_word' id='word_1_112' title='bbox 1698 985 1803 1041; x_wconf 78' lang='lat' dir='ltr'><strong>Etenim</strong></span> <span class='ocrx_word' id='word_1_113' title='bbox 1823 1002 1883 1044; x_wconf 85' lang='lat' dir='ltr'><strong>euru</strong></span> 
     </span>
     <span class='ocr_line' id='line_1_9' title="bbox 248 1057 1883 1144; baseline 0.001 -15"><span class='ocrx_word' id='word_1_114' title='bbox 248 1074 316 1130; x_wconf 75' lang='lat' dir='ltr'><strong>vidit</strong></span> <span class='ocrx_word' id='word_1_115' title='bbox 330 1072 411 1130; x_wconf 80' lang='lat' dir='ltr'><strong>iarael</strong></span> <span class='ocrx_word' id='word_1_116' title='bbox 422 1073 544 1140; x_wconf 80' lang='lat' dir='ltr'><strong>,timore</strong></span> <span class='ocrx_word' id='word_1_117' title='bbox 564 1083 705 1142; x_wconf 85' lang='lat' dir='ltr'><strong>correptus</strong></span> <span class='ocrx_word' id='word_1_118' title='bbox 722 1078 775 1128; x_wconf 88' lang='lat' dir='ltr'><strong>est.</strong></span> <span class='ocrx_word' id='word_1_119' title='bbox 798 1057 934 1126; x_wconf 81' lang='lat' dir='ltr'><strong>liene&#39;runt</strong></span> <span class='ocrx_word' id='word_1_120' title='bbox 951 1077 1041 1124; x_wconf 86' lang='lat' dir='ltr'><strong>autem</strong></span> <span class='ocrx_word' id='word_1_121' title='bbox 1094 1069 1270 1140; x_wconf 75' lang='lat' dir='ltr'><strong>primogenita</strong></span> <span class='ocrx_word' id='word_1_122' title='bbox 1279 1070 1463 1144; x_wconf 77' lang='lat' dir='ltr'><strong>AEgyptiomm</strong></span> <span class='ocrx_word' id='word_1_123' title='bbox 1474 1073 1612 1129; x_wconf 90' lang='lat' dir='ltr'><strong>destruere</strong></span> <span class='ocrx_word' id='word_1_124' title='bbox 1623 1083 1746 1142; x_wconf 61' lang='lat' dir='ltr'><strong>parare,</strong></span> <span class='ocrx_word' id='word_1_125' title='bbox 1758 1091 1793 1131; x_wconf 91' lang='lat' dir='ltr'><strong>ue</strong></span> <span class='ocrx_word' id='word_1_126' title='bbox 1805 1077 1883 1131; x_wconf 86' lang='lat' dir='ltr'><strong>sirxud</strong></span> 
     </span>
     <span class='ocr_line' id='line_1_10' title="bbox 245 1150 1884 1238; baseline 0.002 -18"><span class='ocrx_word' id='word_1_127' title='bbox 245 1164 281 1222; x_wconf 89' lang='lat' dir='ltr'><strong>ad</strong></span> <span class='ocrx_word' id='word_1_128' title='bbox 295 1166 359 1221; x_wconf 85' lang='lat' dir='ltr'><strong>litus</strong></span> <span class='ocrx_word' id='word_1_129' title='bbox 372 1164 454 1221; x_wconf 72' lang='lat' dir='ltr'><strong>trimis</strong></span> <span class='ocrx_word' id='word_1_130' title='bbox 469 1180 476 1218; x_wconf 77' lang='grc' dir='ltr'><strong>ι</strong></span> <span class='ocrx_word' id='word_1_131' title='bbox 489 1165 610 1233; x_wconf 89' lang='lat' dir='ltr'><strong>dixitque</strong></span> <span class='ocrx_word' id='word_1_132' title='bbox 626 1150 695 1219; x_wconf 71' lang='lat' dir='ltr'><strong>lleu&#39;s</strong></span> <span class='ocrx_word' id='word_1_133' title='bbox 706 1163 788 1234; x_wconf 74' lang='lat' dir='ltr'><strong>bloysi</strong></span> <span class='ocrx_word' id='word_1_134' title='bbox 801 1180 807 1216; x_wconf 95' lang='lat'>:</span> <span class='ocrx_word' id='word_1_135' title='bbox 823 1160 891 1227; x_wconf 81' lang='lat' dir='ltr'><strong>Quid</strong></span> <span class='ocrx_word' id='word_1_136' title='bbox 901 1165 995 1216; x_wconf 81' lang='lat' dir='ltr'><strong>clanim</strong></span> <span class='ocrx_word' id='word_1_137' title='bbox 1006 1163 1041 1217; x_wconf 80' lang='lat' dir='ltr'><strong>ao</strong></span> <span class='ocrx_word' id='word_1_138' title='bbox 1093 1158 1308 1217; x_wconf 79' lang='lat' dir='ltr'><strong>interficerentur</strong></span> <span class='ocrx_word' id='word_1_139' title='bbox 1318 1179 1377 1232; x_wconf 72' lang='lat' dir='ltr'><strong>quae</strong></span> <span class='ocrx_word' id='word_1_140' title='bbox 1387 1173 1464 1218; x_wconf 89' lang='lat' dir='ltr'><strong>erant</strong></span> <span class='ocrx_word' id='word_1_141' title='bbox 1474 1163 1586 1220; x_wconf 79' lang='lat' dir='ltr'><strong>filiorum</strong></span> <span class='ocrx_word' id='word_1_142' title='bbox 1597 1162 1676 1220; x_wconf 88' lang='lat' dir='ltr'><strong>lsrael</strong></span> <span class='ocrx_word' id='word_1_143' title='bbox 1689 1184 1696 1220; x_wconf 77' lang='grc' dir='ltr'><strong>ι</strong></span> <span class='ocrx_word' id='word_1_144' title='bbox 1713 1165 1774 1237; x_wconf 88' lang='lat' dir='ltr'><strong>quid</strong></span> <span class='ocrx_word' id='word_1_145' title='bbox 1786 1167 1884 1238; x_wconf 70' lang='lat' dir='ltr'><strong>igitur?</strong></span> 
     </span>
     <span class='ocr_line' id='line_1_11' title="bbox 246 1253 1881 1330; baseline 0.001 -19"><span class='ocrx_word' id='word_1_146' title='bbox 246 1273 287 1312; x_wconf 83' lang='lat' dir='ltr'><strong>ure</strong></span> <span class='ocrx_word' id='word_1_147' title='bbox 301 1255 468 1329; x_wconf 72' lang='lat' dir='ltr'><strong>(Exedit.</strong></span> <span class='ocrx_word' id='word_1_148' title='bbox 480 1256 518 1312; x_wconf 78' lang='lat' dir='ltr'><strong>to</strong></span> <span class='ocrx_word' id='word_1_149' title='bbox 532 1256 559 1327; x_wconf 81' lang='lat' dir='ltr'><strong>ll</strong></span> <span class='ocrx_word' id='word_1_150' title='bbox 572 1257 645 1327; x_wconf 84' lang='lat' dir='ltr'><strong>atqui</strong></span> <span class='ocrx_word' id='word_1_151' title='bbox 657 1253 723 1310; x_wconf 84' lang='lat' dir='ltr'><strong>nibil</strong></span> <span class='ocrx_word' id='word_1_152' title='bbox 735 1256 842 1312; x_wconf 84' lang='lat' dir='ltr'><strong>dicebat</strong></span> <span class='ocrx_word' id='word_1_153' title='bbox 855 1254 970 1326; x_wconf 84' lang='lat' dir='ltr'><strong>bloyses·</strong></span> <span class='ocrx_word' id='word_1_154' title='bbox 984 1255 1039 1311; x_wconf 86' lang='lat' dir='ltr'><strong>Sed</strong></span> <span class='ocrx_word' id='word_1_155' title='bbox 1095 1261 1123 1307; x_wconf 92' lang='lat' dir='ltr'><strong>ut</strong></span> <span class='ocrx_word' id='word_1_156' title='bbox 1146 1253 1211 1320; x_wconf 87' lang='lat' dir='ltr'><strong>liat,</strong></span> <span class='ocrx_word' id='word_1_157' title='bbox 1239 1255 1324 1325; x_wconf 91' lang='lat' dir='ltr'><strong>inquit</strong></span> <span class='ocrx_word' id='word_1_158' title='bbox 1346 1255 1471 1324; x_wconf 82' lang='lat' dir='ltr'><strong>lloyses,</strong></span> <span class='ocrx_word' id='word_1_159' title='bbox 1495 1271 1528 1310; x_wconf 91' lang='lat' dir='ltr'><strong>ne</strong></span> <span class='ocrx_word' id='word_1_160' title='bbox 1552 1257 1732 1312; x_wconf 67' lang='lat' dir='ltr'><strong>exterminans</strong></span> <span class='ocrx_word' id='word_1_161' title='bbox 1753 1259 1881 1330; x_wconf 78' lang='lat' dir='ltr'><strong>angelus,</strong></span> 
     </span>
    </p>
   </div>
   <div class='ocr_carea' id='block_1_4' title="bbox 246 1344 1991 1420">
    <p class='ocr_par' dir='ltr' id='par_1_4' title="bbox 246 1344 1991 1420">
     <span class='ocr_line' id='line_1_12' title="bbox 246 1344 1991 1420; baseline -0.001 -15"><span class='ocrx_word' id='word_1_162' title='bbox 246 1348 314 1405; x_wconf 80' lang='lat' dir='ltr'><strong>dixit</strong></span> <span class='ocrx_word' id='word_1_163' title='bbox 326 1350 383 1415; x_wconf 89' lang='lat' dir='ltr'><strong>illi,</strong></span> <span class='ocrx_word' id='word_1_164' title='bbox 401 1349 473 1406; x_wconf 83' lang='lat' dir='ltr'><strong>Deus</strong></span> <span class='ocrx_word' id='word_1_165' title='bbox 486 1363 566 1417; x_wconf 79' lang='lat' dir='ltr'><strong>suan,</strong></span> <span class='ocrx_word' id='word_1_166' title='bbox 579 1349 625 1420; x_wconf 94' lang='lat' dir='ltr'><strong>qui</strong></span> <span class='ocrx_word' id='word_1_167' title='bbox 642 1362 694 1404; x_wconf 92' lang='lat' dir='ltr'><strong>non</strong></span> <span class='ocrx_word' id='word_1_168' title='bbox 710 1363 742 1403; x_wconf 90' lang='lat' dir='ltr'><strong>ea</strong></span> <span class='ocrx_word' id='word_1_169' title='bbox 755 1347 863 1415; x_wconf 80' lang='lat' dir='ltr'><strong>solum,</strong></span> <span class='ocrx_word' id='word_1_170' title='bbox 883 1362 943 1418; x_wconf 77' lang='lat' dir='ltr'><strong>qne</strong></span> <span class='ocrx_word' id='word_1_171' title='bbox 961 1346 1039 1402; x_wconf 86' lang='lat' dir='ltr'><strong>labiis</strong></span> <span class='ocrx_word' id='word_1_172' title='bbox 1090 1344 1149 1416; x_wconf 86' lang='lat' dir='ltr'><strong>ipsa</strong></span> <span class='ocrx_word' id='word_1_173' title='bbox 1162 1346 1337 1416; x_wconf 83' lang='lat' dir='ltr'><strong>primogenita</strong></span> <span class='ocrx_word' id='word_1_174' title='bbox 1353 1347 1434 1402; x_wconf 88' lang='lat' dir='ltr'><strong>lsrael</strong></span> <span class='ocrx_word' id='word_1_175' title='bbox 1446 1348 1523 1402; x_wconf 91' lang='lat' dir='ltr'><strong>simul</strong></span> <span class='ocrx_word' id='word_1_176' title='bbox 1534 1349 1742 1403; x_wconf 80' lang='lat' dir='ltr'><strong>exterminaret:</strong></span> <span class='ocrx_word' id='word_1_177' title='bbox 1758 1350 1820 1420; x_wconf 88' lang='lat' dir='ltr'><strong>quid</strong></span> <span class='ocrx_word' id='word_1_178' title='bbox 1835 1351 1883 1420; x_wconf 75' lang='lat' dir='ltr'><strong>igi·</strong></span> <span class='ocrx_word' id='word_1_179' title='bbox 1988 1356 1991 1362; x_wconf 79' lang='grc'>’</span> 
     </span>
    </p>
   </div>
   <div class='ocr_carea' id='block_1_5' title="bbox 247 1437 1883 1513">
    <p class='ocr_par' dir='ltr' id='par_1_5' title="bbox 247 1437 1883 1513">
     <span class='ocr_line' id='line_1_13' title="bbox 247 1437 1883 1513; baseline -0.002 -16"><span class='ocrx_word' id='word_1_180' title='bbox 247 1441 437 1513; x_wconf 79' lang='lat' dir='ltr'><strong>proferuntur,</strong></span> <span class='ocrx_word' id='word_1_181' title='bbox 455 1440 556 1508; x_wconf 83' lang='lat' dir='ltr'><strong>audio,</strong></span> <span class='ocrx_word' id='word_1_182' title='bbox 582 1438 630 1495; x_wconf 85' lang='lat' dir='ltr'><strong>sed</strong></span> <span class='ocrx_word' id='word_1_183' title='bbox 653 1439 734 1494; x_wconf 87' lang='lat' dir='ltr'><strong>etium</strong></span> <span class='ocrx_word' id='word_1_184' title='bbox 757 1453 809 1504; x_wconf 85' lang='lat' dir='ltr'><strong>ea,</strong></span> <span class='ocrx_word' id='word_1_185' title='bbox 831 1453 892 1509; x_wconf 80' lang='lat' dir='ltr'><strong>quae</strong></span> <span class='ocrx_word' id='word_1_186' title='bbox 913 1438 940 1491; x_wconf 93' lang='grc' dir='ltr'><strong>ιιι</strong></span> <span class='ocrx_word' id='word_1_187' title='bbox 958 1437 1039 1492; x_wconf 88' lang='lat' dir='ltr'><strong>eorde</strong></span> <span class='ocrx_word' id='word_1_188' title='bbox 1093 1437 1156 1491; x_wconf 81' lang='lat' dir='ltr'><strong>liar?</strong></span> <span class='ocrx_word' id='word_1_189' title='bbox 1173 1437 1241 1492; x_wconf 89' lang='lat' dir='ltr'><strong>itixit</strong></span> <span class='ocrx_word' id='word_1_190' title='bbox 1261 1438 1294 1492; x_wconf 92' lang='lat' dir='ltr'><strong>ad</strong></span> <span class='ocrx_word' id='word_1_191' title='bbox 1317 1437 1390 1492; x_wconf 91' lang='lat' dir='ltr'><strong>ilium</strong></span> <span class='ocrx_word' id='word_1_192' title='bbox 1411 1439 1480 1493; x_wconf 88' lang='lat' dir='ltr'><strong>beas</strong></span> <span class='ocrx_word' id='word_1_193' title='bbox 1502 1457 1509 1493; x_wconf 92' lang='lat'><strong>:</strong></span> <span class='ocrx_word' id='word_1_194' title='bbox 1528 1439 1642 1509; x_wconf 75' lang='lat' dir='ltr'><strong>precipe</strong></span> <span class='ocrx_word' id='word_1_195' title='bbox 1659 1439 1721 1494; x_wconf 89' lang='lat' dir='ltr'><strong>liliis</strong></span> <span class='ocrx_word' id='word_1_196' title='bbox 1742 1438 1883 1506; x_wconf 88' lang='lat' dir='ltr'><strong>lsrael,et</strong></span> 
     </span>
    </p>
   </div>
   <div class='ocr_carea' id='block_1_6' title="bbox 232 1527 1040 5799">
    <p class='ocr_par' dir='ltr' id='par_1_6' title="bbox 232 1527 1040 5525">
     <span class='ocr_line' id='line_1_14' title="bbox 245 1527 1040 1602; baseline -0.008 -14"><span class='ocrx_word' id='word_1_197' title='bbox 245 1539 328 1600; x_wconf 83' lang='lat' dir='ltr'><strong>tunt,</strong></span> <span class='ocrx_word' id='word_1_198' title='bbox 342 1545 497 1602; x_wconf 69' lang='lat' dir='ltr'><strong>cognosco,</strong></span> <span class='ocrx_word' id='word_1_199' title='bbox 513 1540 541 1585; x_wconf 92' lang='lat' dir='ltr'><strong>ut</strong></span> <span class='ocrx_word' id='word_1_200' title='bbox 556 1530 665 1596; x_wconf 73' lang='lat' dir='ltr'><strong>dinae,</strong></span> <span class='ocrx_word' id='word_1_201' title='bbox 685 1543 739 1584; x_wconf 94' lang='lat' dir='ltr'><strong>non</strong></span> <span class='ocrx_word' id='word_1_202' title='bbox 754 1528 787 1583; x_wconf 71' lang='lat' dir='ltr'><strong>&#39;in</strong></span> <span class='ocrx_word' id='word_1_203' title='bbox 806 1529 923 1584; x_wconf 84' lang='lat' dir='ltr'><strong>elamore</strong></span> <span class='ocrx_word' id='word_1_204' title='bbox 941 1527 1040 1583; x_wconf 89' lang='lat' dir='ltr'><strong>oratio·</strong></span> 
     </span>
     <span class='ocr_line' id='line_1_15' title="bbox 245 1617 1037 1691; baseline -0.013 -10"><span class='ocrx_word' id='word_1_205' title='bbox 245 1637 328 1691; x_wconf 82' lang='lat' dir='ltr'><strong>uem,</strong></span> <span class='ocrx_word' id='word_1_206' title='bbox 343 1622 389 1680; x_wconf 79' lang='lat' dir='ltr'><strong>uod</strong></span> <span class='ocrx_word' id='word_1_207' title='bbox 411 1622 439 1677; x_wconf 83' lang='grc' dir='ltr'><strong>ιιι</strong></span> <span class='ocrx_word' id='word_1_208' title='bbox 454 1621 546 1676; x_wconf 82' lang='lat' dir='ltr'><strong>animo</strong></span> <span class='ocrx_word' id='word_1_209' title='bbox 558 1620 655 1676; x_wconf 87' lang='lat' dir='ltr'><strong>emitti.</strong></span> <span class='ocrx_word' id='word_1_210' title='bbox 673 1619 851 1688; x_wconf 69' lang='lat' dir='ltr'><strong>Quintianus</strong></span> <span class='ocrx_word' id='word_1_211' title='bbox 862 1619 897 1672; x_wconf 78' lang='lat' dir='ltr'><strong>oti</strong></span> <span class='ocrx_word' id='word_1_212' title='bbox 914 1619 974 1672; x_wconf 80' lang='lat' dir='ltr'><strong>me?</strong></span> <span class='ocrx_word' id='word_1_213' title='bbox 987 1617 1037 1672; x_wconf 89' lang='lat' dir='ltr'><strong>La·</strong></span> 
     </span>
     <span class='ocr_line' id='line_1_16' title="bbox 244 1709 1037 1784; baseline -0.008 -14"><span class='ocrx_word' id='word_1_214' title='bbox 244 1712 297 1770; x_wconf 83' lang='lat' dir='ltr'><strong>biis</strong></span> <span class='ocrx_word' id='word_1_215' title='bbox 311 1711 419 1784; x_wconf 90' lang='lat' dir='ltr'><strong>quidem</strong></span> <span class='ocrx_word' id='word_1_216' title='bbox 438 1711 495 1767; x_wconf 82' lang='lat' dir='ltr'><strong>suis</strong></span> <span class='ocrx_word' id='word_1_217' title='bbox 513 1710 578 1767; x_wconf 89' lang='lat' dir='ltr'><strong>nibil</strong></span> <span class='ocrx_word' id='word_1_218' title='bbox 593 1710 768 1780; x_wconf 88' lang='lat' dir='ltr'><strong>loquebatur,</strong></span> <span class='ocrx_word' id='word_1_219' title='bbox 782 1709 829 1765; x_wconf 85' lang='lat' dir='ltr'><strong>sed</strong></span> <span class='ocrx_word' id='word_1_220' title='bbox 844 1709 1037 1765; x_wconf 64' lang='lat' dir='ltr'><strong>corde&#39;clama-</strong></span> 
     </span>
     <span class='ocr_line' id='line_1_17' title="bbox 243 1803 1036 1875; baseline -0.005 -13"><span class='ocrx_word' id='word_1_221' title='bbox 243 1803 312 1862; x_wconf 84' lang='lat' dir='ltr'><strong>bul:</strong></span> <span class='ocrx_word' id='word_1_222' title='bbox 333 1803 420 1861; x_wconf 86' lang='lat' dir='ltr'><strong>oratio</strong></span> <span class='ocrx_word' id='word_1_223' title='bbox 439 1804 538 1875; x_wconf 90' lang='lat' dir='ltr'><strong>quippe</strong></span> <span class='ocrx_word' id='word_1_224' title='bbox 558 1803 703 1874; x_wconf 85' lang='lat' dir='ltr'><strong>requiritur</strong></span> <span class='ocrx_word' id='word_1_225' title='bbox 720 1819 754 1858; x_wconf 86' lang='lat' dir='ltr'><strong>cx</strong></span> <span class='ocrx_word' id='word_1_226' title='bbox 774 1803 864 1857; x_wconf 79' lang='lat' dir='ltr'><strong>aninlo</strong></span> <span class='ocrx_word' id='word_1_227' title='bbox 878 1803 969 1870; x_wconf 82' lang='lat' dir='ltr'><strong>bono,</strong></span> <span class='ocrx_word' id='word_1_228' title='bbox 984 1819 1036 1858; x_wconf 94' lang='lat' dir='ltr'><strong>non</strong></span> 
     </span>
     <span class='ocr_line' id='line_1_18' title="bbox 243 1893 1037 1965; baseline -0.004 -13"><span class='ocrx_word' id='word_1_229' title='bbox 243 1911 278 1952; x_wconf 88' lang='lat' dir='ltr'><strong>ex</strong></span> <span class='ocrx_word' id='word_1_230' title='bbox 292 1895 411 1954; x_wconf 86' lang='lat' dir='ltr'><strong>elamore</strong></span> <span class='ocrx_word' id='word_1_231' title='bbox 423 1908 530 1965; x_wconf 71' lang='lat' dir='ltr'><strong>niagno,</strong></span> <span class='ocrx_word' id='word_1_232' title='bbox 544 1893 612 1962; x_wconf 81' lang='lat' dir='ltr'><strong>Quiri</strong></span> <span class='ocrx_word' id='word_1_233' title='bbox 621 1894 717 1950; x_wconf 83' lang='lat' dir='ltr'><strong>elamor</strong></span> <span class='ocrx_word' id='word_1_234' title='bbox 731 1894 766 1949; x_wconf 80' lang='lat' dir='ltr'><strong>od</strong></span> <span class='ocrx_word' id='word_1_235' title='bbox 778 1894 839 1949; x_wconf 78' lang='lat' dir='ltr'><strong>rael</strong></span> <span class='ocrx_word' id='word_1_236' title='bbox 852 1895 971 1950; x_wconf 83' lang='lat' dir='ltr'><strong>Extende</strong></span> <span class='ocrx_word' id='word_1_237' title='bbox 984 1895 1037 1950; x_wconf 86' lang='lat' dir='ltr'><strong>tir-</strong></span> 
     </span>
     <span class='ocr_line' id='line_1_19' title="bbox 242 1987 1036 2061; baseline -0.003 -17"><span class='ocrx_word' id='word_1_238' title='bbox 242 2002 305 2061; x_wconf 73' lang='lat' dir='ltr'><strong>qum</strong></span> <span class='ocrx_word' id='word_1_239' title='bbox 317 2027 327 2055; x_wconf 95' lang='lat'><strong>,</strong></span> <span class='ocrx_word' id='word_1_240' title='bbox 341 2002 420 2059; x_wconf 73' lang='lat' dir='ltr'><strong>mam</strong></span> <span class='ocrx_word' id='word_1_241' title='bbox 433 2000 515 2042; x_wconf 86' lang='lat' dir='ltr'><strong>maan</strong></span> <span class='ocrx_word' id='word_1_242' title='bbox 527 1993 616 2058; x_wconf 66' lang='lat' dir='ltr'><strong>gestu</strong></span> <span class='ocrx_word' id='word_1_243' title='bbox 629 2027 637 2053; x_wconf 90' lang='lat'><strong>,</strong></span> <span class='ocrx_word' id='word_1_244' title='bbox 650 2001 730 2058; x_wconf 84' lang='lat' dir='ltr'><strong>super</strong></span> <span class='ocrx_word' id='word_1_245' title='bbox 744 2001 836 2053; x_wconf 81' lang='lat' dir='ltr'><strong>mare,</strong></span> <span class='ocrx_word' id='word_1_246' title='bbox 859 1996 887 2042; x_wconf 92' lang='lat' dir='ltr'><strong>et</strong></span> <span class='ocrx_word' id='word_1_247' title='bbox 906 1987 1036 2056; x_wconf 75' lang='lat' dir='ltr'><strong>pertransi</strong></span> 
     </span>
     <span class='ocr_line' id='line_1_20' title="bbox 244 2077 1035 2159; baseline -0.005 -23"><span class='ocrx_word' id='word_1_248' title='bbox 244 2089 316 2159; x_wconf 16' lang='lat' dir='ltr'><strong>tutet</strong></span> <span class='ocrx_word' id='word_1_249' title='bbox 328 2093 423 2136; x_wconf 82' lang='lat' dir='ltr'><strong>omnes</strong></span> <span class='ocrx_word' id='word_1_250' title='bbox 435 2079 482 2136; x_wconf 89' lang='lat' dir='ltr'><strong>lllii</strong></span> <span class='ocrx_word' id='word_1_251' title='bbox 492 2079 584 2136; x_wconf 71' lang='lat' dir='ltr'><strong>lsrael,</strong></span> <span class='ocrx_word' id='word_1_252' title='bbox 595 2077 722 2135; x_wconf 81' lang='lat' dir='ltr'><strong>Extendit</strong></span> <span class='ocrx_word' id='word_1_253' title='bbox 732 2093 797 2134; x_wconf 88' lang='lat' dir='ltr'><strong>xero</strong></span> <span class='ocrx_word' id='word_1_254' title='bbox 808 2077 911 2152; x_wconf 83' lang='lat' dir='ltr'><strong>lloyses</strong></span> <span class='ocrx_word' id='word_1_255' title='bbox 923 2079 1035 2150; x_wconf 75' lang='lat' dir='ltr'><strong>virgam,</strong></span> 
     </span>
     <span class='ocr_line' id='line_1_21' title="bbox 243 2169 1034 2244; baseline 0 -16"><span class='ocrx_word' id='word_1_256' title='bbox 243 2184 324 2244; x_wconf 84' lang='lat' dir='ltr'><strong>quatu</strong></span> <span class='ocrx_word' id='word_1_257' title='bbox 336 2185 417 2227; x_wconf 84' lang='lat' dir='ltr'><strong>manu</strong></span> <span class='ocrx_word' id='word_1_258' title='bbox 430 2171 550 2242; x_wconf 72' lang='lat' dir='ltr'><strong>quu&#39;oat</strong></span> <span class='ocrx_word' id='word_1_259' title='bbox 560 2211 569 2236; x_wconf 95' lang='lat'><strong>,</strong></span> <span class='ocrx_word' id='word_1_260' title='bbox 580 2178 607 2228; x_wconf 87' lang='lat' dir='ltr'><strong>ct</strong></span> <span class='ocrx_word' id='word_1_261' title='bbox 617 2171 748 2241; x_wconf 75' lang='lat' dir='ltr'><strong>ptercumit</strong></span> <span class='ocrx_word' id='word_1_262' title='bbox 760 2185 834 2226; x_wconf 89' lang='lat' dir='ltr'><strong>mare</strong></span> <span class='ocrx_word' id='word_1_263' title='bbox 844 2174 855 2242; x_wconf 76' lang='grc' dir='ltr'><strong>ι</strong></span> <span class='ocrx_word' id='word_1_264' title='bbox 867 2169 908 2224; x_wconf 86' lang='grc' dir='ltr'><strong>ιι.</strong></span> <span class='ocrx_word' id='word_1_265' title='bbox 919 2186 944 2226; x_wconf 85' lang='grc' dir='ltr'><strong>ιι.</strong></span> <span class='ocrx_word' id='word_1_266' title='bbox 958 2169 1013 2244; x_wconf 82' lang='lat' dir='ltr'><strong>to)</strong></span> <span class='ocrx_word' id='word_1_267' title='bbox 1026 2189 1034 2228; x_wconf 76' lang='lat' dir='ltr'><strong>a</strong></span> 
     </span>
     <span class='ocr_line' id='line_1_22' title="bbox 242 2263 1034 2335; baseline 0.001 -15"><span class='ocrx_word' id='word_1_268' title='bbox 242 2273 299 2332; x_wconf 88' lang='lat' dir='ltr'><strong>tem</strong></span> <span class='ocrx_word' id='word_1_269' title='bbox 312 2263 505 2334; x_wconf 77' lang='lat' dir='ltr'><strong>incompositus</strong></span> <span class='ocrx_word' id='word_1_270' title='bbox 523 2277 651 2335; x_wconf 65' lang='grc' dir='ltr'>ιςιιιιιιιιι</span> <span class='ocrx_word' id='word_1_271' title='bbox 672 2263 786 2334; x_wconf 82' lang='lat' dir='ltr'><strong>impetus</strong></span> <span class='ocrx_word' id='word_1_272' title='bbox 806 2264 955 2320; x_wconf 78' lang='lat' dir='ltr'><strong>exsitentes</strong></span> <span class='ocrx_word' id='word_1_273' title='bbox 972 2272 1034 2334; x_wconf 84' lang='lat' dir='ltr'><strong>ext,</strong></span> 
     </span>
     <span class='ocr_line' id='line_1_23' title="bbox 241 2354 1034 2430; baseline -0.005 -16"><span class='ocrx_word' id='word_1_274' title='bbox 241 2366 270 2414; x_wconf 88' lang='lat' dir='ltr'><strong>et</strong></span> <span class='ocrx_word' id='word_1_275' title='bbox 282 2356 398 2430; x_wconf 75' lang='lat' dir='ltr'><strong>proprie</strong></span> <span class='ocrx_word' id='word_1_276' title='bbox 411 2355 510 2413; x_wconf 85' lang='lat' dir='ltr'><strong>oblitus</strong></span> <span class='ocrx_word' id='word_1_277' title='bbox 523 2363 566 2412; x_wconf 86' lang='lat' dir='ltr'><strong>ost</strong></span> <span class='ocrx_word' id='word_1_278' title='bbox 587 2362 699 2430; x_wconf 76' lang='lat' dir='ltr'><strong>natare.</strong></span> <span class='ocrx_word' id='word_1_279' title='bbox 714 2354 780 2411; x_wconf 69' lang='lat' dir='ltr'><strong>lale</strong></span> <span class='ocrx_word' id='word_1_280' title='bbox 798 2355 896 2428; x_wconf 91' lang='lat' dir='ltr'><strong>quippe</strong></span> <span class='ocrx_word' id='word_1_281' title='bbox 914 2363 956 2411; x_wconf 87' lang='lat' dir='ltr'><strong>est</strong></span> <span class='ocrx_word' id='word_1_282' title='bbox 977 2355 1034 2412; x_wconf 90' lang='lat' dir='ltr'><strong>ele-</strong></span> 
     </span>
     <span class='ocr_line' id='line_1_24' title="bbox 242 2444 1035 2517; baseline -0.006 -11"><span class='ocrx_word' id='word_1_283' title='bbox 242 2458 361 2507; x_wconf 86' lang='lat' dir='ltr'><strong>mentum</strong></span> <span class='ocrx_word' id='word_1_284' title='bbox 375 2465 383 2504; x_wconf 84' lang='lat'>:</span> <span class='ocrx_word' id='word_1_285' title='bbox 396 2463 457 2506; x_wconf 87' lang='lat' dir='ltr'><strong>com</strong></span> <span class='ocrx_word' id='word_1_286' title='bbox 470 2447 519 2504; x_wconf 82' lang='lat' dir='ltr'><strong>Dei</strong></span> <span class='ocrx_word' id='word_1_287' title='bbox 533 2455 613 2503; x_wconf 81' lang='lat' dir='ltr'><strong>nutas</strong></span> <span class='ocrx_word' id='word_1_288' title='bbox 625 2447 747 2514; x_wconf 83' lang='lat' dir='ltr'><strong>accedit,</strong></span> <span class='ocrx_word' id='word_1_289' title='bbox 772 2448 886 2517; x_wconf 81' lang='lat' dir='ltr'><strong>proprie</strong></span> <span class='ocrx_word' id='word_1_290' title='bbox 902 2444 1035 2502; x_wconf 83' lang='lat' dir='ltr'><strong>obliuisci-</strong></span> 
     </span>
     <span class='ocr_line' id='line_1_25' title="bbox 239 2537 1036 2610; baseline -0.006 -13"><span class='ocrx_word' id='word_1_291' title='bbox 239 2548 412 2606; x_wconf 83' lang='lat' dir='ltr'><strong>turnaturae,</strong></span> <span class='ocrx_word' id='word_1_292' title='bbox 423 2547 452 2596; x_wconf 90' lang='lat' dir='ltr'><strong>et</strong></span> <span class='ocrx_word' id='word_1_293' title='bbox 461 2538 594 2610; x_wconf 88' lang='lat' dir='ltr'><strong>propriam</strong></span> <span class='ocrx_word' id='word_1_294' title='bbox 605 2537 722 2594; x_wconf 86' lang='lat' dir='ltr'><strong>reirenat</strong></span> <span class='ocrx_word' id='word_1_295' title='bbox 731 2538 929 2608; x_wconf 84' lang='lat' dir='ltr'><strong>operationem,</strong></span> <span class='ocrx_word' id='word_1_296' title='bbox 936 2538 1036 2606; x_wconf 82' lang='lat' dir='ltr'><strong>Quem·</strong></span> 
     </span>
     <span class='ocr_line' id='line_1_26' title="bbox 242 2626 1036 2694; baseline -0.006 -6"><span class='ocrx_word' id='word_1_297' title='bbox 242 2628 385 2688; x_wconf 77' lang='lat' dir='ltr'><strong>maneam</strong></span> <span class='ocrx_word' id='word_1_298' title='bbox 399 2630 470 2686; x_wconf 89' lang='lat' dir='ltr'><strong>enim</strong></span> <span class='ocrx_word' id='word_1_299' title='bbox 485 2629 580 2685; x_wconf 82' lang='grc' dir='ltr'>ιιιιιιιι</span> <span class='ocrx_word' id='word_1_300' title='bbox 595 2627 665 2684; x_wconf 85' lang='lat' dir='ltr'><strong>bene</strong></span> <span class='ocrx_word' id='word_1_301' title='bbox 677 2626 772 2684; x_wconf 81' lang='lat' dir='ltr'><strong>allecta</strong></span> <span class='ocrx_word' id='word_1_302' title='bbox 783 2667 791 2694; x_wconf 93' lang='lat'><strong>,</strong></span> <span class='ocrx_word' id='word_1_303' title='bbox 802 2642 878 2684; x_wconf 85' lang='lat' dir='ltr'><strong>mare</strong></span> <span class='ocrx_word' id='word_1_304' title='bbox 889 2667 897 2693; x_wconf 95' lang='lat'><strong>,</strong></span> <span class='ocrx_word' id='word_1_305' title='bbox 910 2628 955 2684; x_wconf 89' lang='lat' dir='ltr'><strong>ubi</strong></span> <span class='ocrx_word' id='word_1_306' title='bbox 970 2627 1036 2684; x_wconf 84' lang='lat' dir='ltr'><strong>vidit</strong></span> 
     </span>
     <span class='ocr_line' id='line_1_27' title="bbox 240 2717 1034 2790; baseline -0.01 -8"><span class='ocrx_word' id='word_1_307' title='bbox 240 2719 347 2782; x_wconf 83' lang='lat' dir='ltr'><strong>unnim</strong></span> <span class='ocrx_word' id='word_1_308' title='bbox 356 2722 398 2778; x_wconf 82' lang='lat' dir='ltr'><strong>tui</strong></span> <span class='ocrx_word' id='word_1_309' title='bbox 412 2719 539 2777; x_wconf 81' lang='lat' dir='ltr'><strong>onmem</strong></span> <span class='ocrx_word' id='word_1_310' title='bbox 549 2761 557 2786; x_wconf 97' lang='lat'><strong>,</strong></span> <span class='ocrx_word' id='word_1_311' title='bbox 567 2719 765 2790; x_wconf 82' lang='lat' dir='ltr'><strong>obtemperarit</strong></span> <span class='ocrx_word' id='word_1_312' title='bbox 775 2728 803 2775; x_wconf 91' lang='lat' dir='ltr'><strong>et</strong></span> <span class='ocrx_word' id='word_1_313' title='bbox 813 2717 931 2775; x_wconf 82' lang='lat' dir='ltr'><strong>obedivit</strong></span> <span class='ocrx_word' id='word_1_314' title='bbox 945 2735 952 2772; x_wconf 80' lang='grc' dir='ltr'><strong>ι</strong></span> <span class='ocrx_word' id='word_1_315' title='bbox 968 2717 1034 2774; x_wconf 87' lang='lat' dir='ltr'><strong>obe·</strong></span> 
     </span>
     <span class='ocr_line' id='line_1_28' title="bbox 240 2809 1034 2885; baseline -0.003 -16"><span class='ocrx_word' id='word_1_316' title='bbox 240 2812 308 2872; x_wconf 81' lang='lat' dir='ltr'><strong>dixit</strong></span> <span class='ocrx_word' id='word_1_317' title='bbox 324 2822 433 2878; x_wconf 88' lang='lat' dir='ltr'><strong>autent,</strong></span> <span class='ocrx_word' id='word_1_318' title='bbox 454 2827 508 2868; x_wconf 93' lang='lat' dir='ltr'><strong>non</strong></span> <span class='ocrx_word' id='word_1_319' title='bbox 528 2811 627 2885; x_wconf 68' lang='lat' dir='ltr'><strong>tignum</strong></span> <span class='ocrx_word' id='word_1_320' title='bbox 647 2811 751 2867; x_wconf 86' lang='lat' dir='ltr'><strong>aridum</strong></span> <span class='ocrx_word' id='word_1_321' title='bbox 773 2811 905 2877; x_wconf 80' lang='lat' dir='ltr'><strong>reuerita,</strong></span> <span class='ocrx_word' id='word_1_322' title='bbox 927 2809 976 2866; x_wconf 85' lang='lat' dir='ltr'><strong>sed</strong></span> <span class='ocrx_word' id='word_1_323' title='bbox 997 2811 1034 2867; x_wconf 91' lang='lat' dir='ltr'><strong>ob</strong></span> 
     </span>
     <span class='ocr_line' id='line_1_29' title="bbox 241 2900 1037 2974; baseline -0.001 -16"><span class='ocrx_word' id='word_1_324' title='bbox 241 2901 317 2960; x_wconf 85' lang='lat' dir='ltr'><strong>illum</strong></span> <span class='ocrx_word' id='word_1_325' title='bbox 326 2903 372 2974; x_wconf 92' lang='lat' dir='ltr'><strong>qui</strong></span> <span class='ocrx_word' id='word_1_326' title='bbox 384 2901 412 2958; x_wconf 87' lang='lat' dir='ltr'><strong>ia</strong></span> <span class='ocrx_word' id='word_1_327' title='bbox 423 2902 495 2973; x_wconf 71' lang='lat' dir='ltr'><strong>ligno</strong></span> <span class='ocrx_word' id='word_1_328' title='bbox 505 2900 699 2972; x_wconf 77' lang='lat' dir='ltr'><strong>cruxcillqendos</strong></span> <span class='ocrx_word' id='word_1_329' title='bbox 709 2909 777 2955; x_wconf 89' lang='lat' dir='ltr'><strong>erat.</strong></span> <span class='ocrx_word' id='word_1_330' title='bbox 794 2900 866 2956; x_wconf 81' lang='lat' dir='ltr'><strong>Vidit</strong></span> <span class='ocrx_word' id='word_1_331' title='bbox 877 2901 957 2972; x_wconf 76' lang='lat' dir='ltr'><strong>igitur</strong></span> <span class='ocrx_word' id='word_1_332' title='bbox 969 2901 1037 2957; x_wconf 83' lang='lat' dir='ltr'><strong>ima·</strong></span> 
     </span>
     <span class='ocr_line' id='line_1_30' title="bbox 240 2990 1033 3065; baseline 0 -17"><span class='ocrx_word' id='word_1_333' title='bbox 240 2992 350 3065; x_wconf 66' lang='grc' dir='ltr'>ςιιιιιιιι,</span> <span class='ocrx_word' id='word_1_334' title='bbox 374 3000 402 3048; x_wconf 88' lang='lat' dir='ltr'><strong>et</strong></span> <span class='ocrx_word' id='word_1_335' title='bbox 423 2991 513 3046; x_wconf 85' lang='lat' dir='ltr'><strong>statim</strong></span> <span class='ocrx_word' id='word_1_336' title='bbox 527 2990 661 3046; x_wconf 88' lang='lat' dir='ltr'><strong>intellexit</strong></span> <span class='ocrx_word' id='word_1_337' title='bbox 681 2991 842 3057; x_wconf 77' lang='lat' dir='ltr'><strong>tentarem,</strong></span> <span class='ocrx_word' id='word_1_338' title='bbox 864 2999 892 3046; x_wconf 87' lang='lat' dir='ltr'><strong>et</strong></span> <span class='ocrx_word' id='word_1_339' title='bbox 913 2993 1033 3048; x_wconf 78' lang='lat' dir='ltr'><strong>recessit.</strong></span> 
     </span>
     <span class='ocr_line' id='line_1_31' title="bbox 240 3081 1033 3156; baseline 0 -14"><span class='ocrx_word' id='word_1_340' title='bbox 240 3083 378 3142; x_wconf 82' lang='lat' dir='ltr'><strong>Pertransi</strong></span> <span class='ocrx_word' id='word_1_341' title='bbox 390 3093 430 3152; x_wconf 93' lang='lat' dir='ltr'><strong>tu,</strong></span> <span class='ocrx_word' id='word_1_342' title='bbox 440 3082 535 3154; x_wconf 88' lang='lat' dir='ltr'><strong>inquit,</strong></span> <span class='ocrx_word' id='word_1_343' title='bbox 543 3090 570 3139; x_wconf 91' lang='lat' dir='ltr'><strong>et</strong></span> <span class='ocrx_word' id='word_1_344' title='bbox 579 3083 666 3138; x_wconf 79' lang='lat' dir='ltr'><strong>oratus</strong></span> <span class='ocrx_word' id='word_1_345' title='bbox 674 3083 788 3153; x_wconf 83' lang='lat' dir='ltr'><strong>popolus</strong></span> <span class='ocrx_word' id='word_1_346' title='bbox 796 3081 888 3139; x_wconf 87' lang='lat' dir='ltr'><strong>lsrael.</strong></span> <span class='ocrx_word' id='word_1_347' title='bbox 899 3083 963 3140; x_wconf 85' lang='lat' dir='ltr'><strong>inde</strong></span> <span class='ocrx_word' id='word_1_348' title='bbox 972 3101 1033 3156; x_wconf 88' lang='lat' dir='ltr'><strong>per·</strong></span> 
     </span>
     <span class='ocr_line' id='line_1_32' title="bbox 239 3171 1033 3246; baseline 0.004 -16"><span class='ocrx_word' id='word_1_349' title='bbox 239 3173 428 3243; x_wconf 78' lang='lat' dir='ltr'><strong>tnuaivittpee</strong></span> <span class='ocrx_word' id='word_1_350' title='bbox 439 3172 563 3230; x_wconf 84' lang='lat' dir='ltr'><strong>erumnis</strong></span> <span class='ocrx_word' id='word_1_351' title='bbox 577 3171 779 3244; x_wconf 67' lang='lat' dir='ltr'><strong>populumne!</strong></span> <span class='ocrx_word' id='word_1_352' title='bbox 799 3192 808 3230; x_wconf 76' lang='grc' dir='ltr'><strong>ι</strong></span> <span class='ocrx_word' id='word_1_353' title='bbox 826 3177 931 3246; x_wconf 83' lang='lat' dir='ltr'><strong>sequuti</strong></span> <span class='ocrx_word' id='word_1_354' title='bbox 945 3186 1033 3233; x_wconf 67' lang='lat' dir='ltr'><strong>annm</strong></span> 
     </span>
     <span class='ocr_line' id='line_1_33' title="bbox 241 3264 1030 3338; baseline 0.004 -15"><span class='ocrx_word' id='word_1_355' title='bbox 241 3273 306 3323; x_wconf 82' lang='lat' dir='ltr'><strong>tuat</strong></span> <span class='ocrx_word' id='word_1_356' title='bbox 318 3275 345 3322; x_wconf 87' lang='lat' dir='ltr'><strong>et</strong></span> <span class='ocrx_word' id='word_1_357' title='bbox 358 3265 477 3338; x_wconf 70' lang='lat' dir='ltr'><strong>AEgyprti</strong></span> <span class='ocrx_word' id='word_1_358' title='bbox 493 3274 683 3337; x_wconf 84' lang='lat' dir='ltr'><strong>persequentes</strong></span> <span class='ocrx_word' id='word_1_359' title='bbox 697 3264 777 3334; x_wconf 87' lang='lat' dir='ltr'><strong>ilios;</strong></span> <span class='ocrx_word' id='word_1_360' title='bbox 797 3281 892 3338; x_wconf 92' lang='lat' dir='ltr'><strong>nempe</strong></span> <span class='ocrx_word' id='word_1_361' title='bbox 909 3268 1030 3338; x_wconf 81' lang='lat' dir='ltr'><strong>Pharao,</strong></span> 
     </span>
     <span class='ocr_line' id='line_1_34' title="bbox 239 3357 1032 3430; baseline 0.006 -15"><span class='ocrx_word' id='word_1_362' title='bbox 239 3366 268 3415; x_wconf 85' lang='lat' dir='ltr'><strong>et</strong></span> <span class='ocrx_word' id='word_1_363' title='bbox 280 3372 376 3415; x_wconf 85' lang='lat' dir='ltr'><strong>currus</strong></span> <span class='ocrx_word' id='word_1_364' title='bbox 387 3357 447 3429; x_wconf 78' lang='lat' dir='ltr'><strong>eius</strong></span> <span class='ocrx_word' id='word_1_365' title='bbox 461 3367 488 3414; x_wconf 90' lang='lat' dir='ltr'><strong>et</strong></span> <span class='ocrx_word' id='word_1_366' title='bbox 501 3357 615 3430; x_wconf 63' lang='lat' dir='ltr'><strong>equites⁴</strong></span> <span class='ocrx_word' id='word_1_367' title='bbox 628 3357 730 3414; x_wconf 82' lang='lat' dir='ltr'><strong>Deinde</strong></span> <span class='ocrx_word' id='word_1_368' title='bbox 743 3366 883 3430; x_wconf 84' lang='lat' dir='ltr'><strong>postquam</strong></span> <span class='ocrx_word' id='word_1_369' title='bbox 894 3360 941 3417; x_wconf 89' lang='lat' dir='ltr'><strong>dlii</strong></span> <span class='ocrx_word' id='word_1_370' title='bbox 951 3360 1032 3420; x_wconf 84' lang='lat' dir='ltr'><strong>lsrael</strong></span> 
     </span>
     <span class='ocr_line' id='line_1_35' title="bbox 242 3448 1033 3532; baseline 0.003 -26"><span class='ocrx_word' id='word_1_371' title='bbox 242 3451 454 3521; x_wconf 83' lang='lat' dir='ltr'><strong>pertransierant</strong></span> <span class='ocrx_word' id='word_1_372' title='bbox 472 3451 648 3532; x_wconf 81' lang='lat' dir='ltr'><strong>,superuenit</strong></span> <span class='ocrx_word' id='word_1_373' title='bbox 665 3465 753 3523; x_wconf 88' lang='lat' dir='ltr'><strong>aqua,</strong></span> <span class='ocrx_word' id='word_1_374' title='bbox 777 3459 805 3509; x_wconf 89' lang='lat' dir='ltr'><strong>et</strong></span> <span class='ocrx_word' id='word_1_375' title='bbox 826 3448 931 3524; x_wconf 86' lang='lat' dir='ltr'><strong>operuit</strong></span> <span class='ocrx_word' id='word_1_376' title='bbox 951 3453 1033 3528; x_wconf 60' lang='grc' dir='ltr'>Αἰκι-</span> 
     </span>
     <span class='ocr_line' id='line_1_36' title="bbox 241 3538 1031 3618; baseline 0.005 -20"><span class='ocrx_word' id='word_1_377' title='bbox 241 3538 321 3615; x_wconf 80' lang='lat' dir='ltr'><strong>ptioo.</strong></span> <span class='ocrx_word' id='word_1_378' title='bbox 335 3541 460 3599; x_wconf 80' lang='lat' dir='ltr'><strong>utemini</strong></span> <span class='ocrx_word' id='word_1_379' title='bbox 473 3542 583 3614; x_wconf 86' lang='lat' dir='ltr'><strong>itaque,</strong></span> <span class='ocrx_word' id='word_1_380' title='bbox 597 3542 688 3599; x_wconf 77' lang='lat' dir='ltr'><strong>tudae</strong></span> <span class='ocrx_word' id='word_1_381' title='bbox 699 3585 707 3610; x_wconf 96' lang='lat'><strong>,</strong></span> <span class='ocrx_word' id='word_1_382' title='bbox 718 3544 853 3614; x_wconf 87' lang='lat' dir='ltr'><strong>quomodo</strong></span> <span class='ocrx_word' id='word_1_383' title='bbox 862 3559 930 3616; x_wconf 82' lang='lat' dir='ltr'><strong>aqua</strong></span> <span class='ocrx_word' id='word_1_384' title='bbox 944 3546 1031 3618; x_wconf 83' lang='lat' dir='ltr'><strong>bapti·-</strong></span> 
     </span>
     <span class='ocr_line' id='line_1_37' title="bbox 240 3631 1030 3705; baseline 0.006 -18"><span class='ocrx_word' id='word_1_385' title='bbox 240 3631 334 3689; x_wconf 81' lang='lat' dir='ltr'><strong>amatis</strong></span> <span class='ocrx_word' id='word_1_386' title='bbox 348 3633 415 3690; x_wconf 86' lang='lat' dir='ltr'><strong>duas</strong></span> <span class='ocrx_word' id='word_1_387' title='bbox 428 3633 510 3690; x_wconf 85' lang='lat' dir='ltr'><strong>babet</strong></span> <span class='ocrx_word' id='word_1_388' title='bbox 522 3635 709 3704; x_wconf 79' lang='lat' dir='ltr'><strong>operationes,</strong></span> <span class='ocrx_word' id='word_1_389' title='bbox 725 3634 760 3689; x_wconf 88' lang='lat' dir='ltr'><strong>lta</strong></span> <span class='ocrx_word' id='word_1_390' title='bbox 773 3643 802 3691; x_wconf 91' lang='lat' dir='ltr'><strong>ut</strong></span> <span class='ocrx_word' id='word_1_391' title='bbox 811 3635 892 3692; x_wconf 90' lang='lat' dir='ltr'><strong>alium</strong></span> <span class='ocrx_word' id='word_1_392' title='bbox 902 3636 1030 3705; x_wconf 80' lang='lat' dir='ltr'><strong>addocet,</strong></span> 
     </span>
     <span class='ocr_line' id='line_1_38' title="bbox 240 3721 1032 3795; baseline 0.005 -17"><span class='ocrx_word' id='word_1_393' title='bbox 240 3721 323 3778; x_wconf 83' lang='grc' dir='ltr'>ιιιιιιιι</span> <span class='ocrx_word' id='word_1_394' title='bbox 336 3722 473 3780; x_wconf 82' lang='lat' dir='ltr'><strong>rixideett</strong></span> <span class='ocrx_word' id='word_1_395' title='bbox 484 3723 528 3780; x_wconf 89' lang='lat' dir='ltr'><strong>dic</strong></span> <span class='ocrx_word' id='word_1_396' title='bbox 539 3722 604 3780; x_wconf 88' lang='grc' dir='ltr'>ιιιιιιι</span> <span class='ocrx_word' id='word_1_397' title='bbox 616 3763 625 3790; x_wconf 86' lang='grc'>,</span> <span class='ocrx_word' id='word_1_398' title='bbox 639 3723 863 3795; x_wconf 85' lang='lat' dir='ltr'><strong>quomodo&#39;mare</strong></span> <span class='ocrx_word' id='word_1_399' title='bbox 879 3726 965 3795; x_wconf 90' lang='lat' dir='ltr'><strong>illud,</strong></span> <span class='ocrx_word' id='word_1_400' title='bbox 984 3743 1032 3782; x_wconf 88' lang='lat' dir='ltr'><strong>na·</strong></span> 
     </span>
     <span class='ocr_line' id='line_1_39' title="bbox 240 3814 1032 3886; baseline 0.01 -19"><span class='ocrx_word' id='word_1_401' title='bbox 240 3819 299 3868; x_wconf 83' lang='lat' dir='ltr'><strong>tara</strong></span> <span class='ocrx_word' id='word_1_402' title='bbox 313 3826 361 3868; x_wconf 84' lang='lat' dir='ltr'><strong>tua</strong></span> <span class='ocrx_word' id='word_1_403' title='bbox 374 3828 477 3880; x_wconf 87' lang='lat' dir='ltr'><strong>unum,</strong></span> <span class='ocrx_word' id='word_1_404' title='bbox 496 3814 565 3870; x_wconf 82' lang='lat' dir='ltr'><strong>ulios</strong></span> <span class='ocrx_word' id='word_1_405' title='bbox 581 3814 689 3885; x_wconf 87' lang='lat' dir='ltr'><strong>quidem</strong></span> <span class='ocrx_word' id='word_1_406' title='bbox 711 3816 786 3872; x_wconf 83' lang='lat' dir='ltr'><strong>viros</strong></span> <span class='ocrx_word' id='word_1_407' title='bbox 809 3819 945 3886; x_wconf 79' lang='lat' dir='ltr'><strong>manarit,</strong></span> <span class='ocrx_word' id='word_1_408' title='bbox 964 3819 1032 3876; x_wconf 91' lang='lat' dir='ltr'><strong>alios</strong></span> 
     </span>
     <span class='ocr_line' id='line_1_40' title="bbox 238 3903 1030 3976; baseline 0.01 -19"><span class='ocrx_word' id='word_1_409' title='bbox 238 3911 329 3959; x_wconf 82' lang='lat' dir='ltr'><strong>autem</strong></span> <span class='ocrx_word' id='word_1_410' title='bbox 342 3903 457 3976; x_wconf 82' lang='lat' dir='ltr'><strong>perdidit</strong></span> <span class='ocrx_word' id='word_1_411' title='bbox 468 3920 476 3971; x_wconf 77' lang='lat' dir='ltr'><strong>i</strong></span> <span class='ocrx_word' id='word_1_412' title='bbox 487 3904 555 3961; x_wconf 81' lang='lat' dir='ltr'><strong>alios</strong></span> <span class='ocrx_word' id='word_1_413' title='bbox 566 3904 673 3975; x_wconf 90' lang='lat' dir='ltr'><strong>quidem</strong></span> <span class='ocrx_word' id='word_1_414' title='bbox 686 3906 856 3976; x_wconf 76' lang='lat' dir='ltr'><strong>praelocavit,</strong></span> <span class='ocrx_word' id='word_1_415' title='bbox 871 3909 930 3964; x_wconf 86' lang='lat' dir='ltr'><strong>aliis</strong></span> <span class='ocrx_word' id='word_1_416' title='bbox 941 3919 1030 3965; x_wconf 90' lang='lat' dir='ltr'><strong>antem</strong></span> 
     </span>
     <span class='ocr_line' id='line_1_41' title="bbox 238 3995 1031 4072; baseline 0.005 -20"><span class='ocrx_word' id='word_1_417' title='bbox 238 3995 311 4054; x_wconf 70' lang='lat' dir='ltr'><strong>uum</strong></span> <span class='ocrx_word' id='word_1_418' title='bbox 322 3996 468 4066; x_wconf 79' lang='lat' dir='ltr'><strong>praestitit,</strong></span> <span class='ocrx_word' id='word_1_419' title='bbox 483 3998 546 4054; x_wconf 90' lang='lat' dir='ltr'><strong>licet</strong></span> <span class='ocrx_word' id='word_1_420' title='bbox 558 4012 628 4052; x_wconf 90' lang='lat' dir='ltr'><strong>unus</strong></span> <span class='ocrx_word' id='word_1_421' title='bbox 643 3997 679 4052; x_wconf 89' lang='lat' dir='ltr'><strong>sit</strong></span> <span class='ocrx_word' id='word_1_422' title='bbox 697 4006 726 4053; x_wconf 88' lang='lat' dir='ltr'><strong>et</strong></span> <span class='ocrx_word' id='word_1_423' title='bbox 745 3997 935 4072; x_wconf 85' lang='lat' dir='ltr'><strong>incompositus</strong></span> <span class='ocrx_word' id='word_1_424' title='bbox 947 4016 1031 4072; x_wconf 86' lang='lat' dir='ltr'><strong>equa-</strong></span> 
     </span>
     <span class='ocr_line' id='line_1_42' title="bbox 239 4084 1031 4160; baseline 0.004 -15"><span class='ocrx_word' id='word_1_425' title='bbox 239 4101 300 4145; x_wconf 83' lang='grc' dir='ltr'>ιιιιιι</span> <span class='ocrx_word' id='word_1_426' title='bbox 315 4084 451 4158; x_wconf 76' lang='lat' dir='ltr'><strong>impetunt</strong></span> <span class='ocrx_word' id='word_1_427' title='bbox 471 4086 646 4158; x_wconf 79' lang='lat' dir='ltr'><strong>ecquomodo</strong></span> <span class='ocrx_word' id='word_1_428' title='bbox 661 4087 721 4142; x_wconf 80' lang='lat' dir='ltr'><strong>illos</strong></span> <span class='ocrx_word' id='word_1_429' title='bbox 735 4088 842 4160; x_wconf 88' lang='lat' dir='ltr'><strong>quidem</strong></span> <span class='ocrx_word' id='word_1_430' title='bbox 854 4105 903 4146; x_wconf 91' lang='lat' dir='ltr'><strong>ceu</strong></span> <span class='ocrx_word' id='word_1_431' title='bbox 918 4090 1031 4148; x_wconf 78' lang='lat' dir='ltr'><strong>famulos</strong></span> 
     </span>
     <span class='ocr_line' id='line_1_43' title="bbox 238 4176 1030 4249; baseline 0.003 -13"><span class='ocrx_word' id='word_1_432' title='bbox 238 4176 386 4236; x_wconf 78' lang='lat' dir='ltr'><strong>merirum</strong></span> <span class='ocrx_word' id='word_1_433' title='bbox 408 4185 470 4243; x_wconf 87' lang='lat' dir='ltr'><strong>eol,</strong></span> <span class='ocrx_word' id='word_1_434' title='bbox 493 4193 555 4249; x_wconf 74' lang='lat' dir='ltr'><strong>crqa</strong></span> <span class='ocrx_word' id='word_1_435' title='bbox 579 4179 628 4234; x_wconf 85' lang='lat' dir='ltr'><strong>ltoa</strong></span> <span class='ocrx_word' id='word_1_436' title='bbox 652 4189 740 4236; x_wconf 83' lang='grc' dir='ltr'>ιιιιιιιιι</span> <span class='ocrx_word' id='word_1_437' title='bbox 763 4179 904 4237; x_wconf 78' lang='lat' dir='ltr'><strong>liutherum</strong></span> <span class='ocrx_word' id='word_1_438' title='bbox 929 4197 1030 4238; x_wconf 89' lang='lat' dir='ltr'><strong>morem</strong></span> 
     </span>
     <span class='ocr_line' id='line_1_44' title="bbox 239 4267 1030 4344; baseline 0.003 -18"><span class='ocrx_word' id='word_1_439' title='bbox 239 4267 373 4326; x_wconf 77' lang='lat' dir='ltr'><strong>buitatruu</strong></span> <span class='ocrx_word' id='word_1_440' title='bbox 387 4268 453 4326; x_wconf 79' lang='lat' dir='ltr'><strong>esti</strong></span> <span class='ocrx_word' id='word_1_441' title='bbox 464 4267 643 4340; x_wconf 75' lang='lat' dir='ltr'><strong>Interpretare</strong></span> <span class='ocrx_word' id='word_1_442' title='bbox 656 4269 722 4326; x_wconf 87' lang='lat' dir='ltr'><strong>mibi</strong></span> <span class='ocrx_word' id='word_1_443' title='bbox 735 4270 818 4336; x_wconf 92' lang='lat' dir='ltr'><strong>illud,</strong></span> <span class='ocrx_word' id='word_1_444' title='bbox 832 4288 849 4324; x_wconf 93' lang='lat' dir='ltr'><strong>o</strong></span> <span class='ocrx_word' id='word_1_445' title='bbox 863 4271 953 4328; x_wconf 77' lang='lat' dir='ltr'><strong>Judaec</strong></span> <span class='ocrx_word' id='word_1_446' title='bbox 963 4315 973 4339; x_wconf 92' lang='lat'><strong>,</strong></span> <span class='ocrx_word' id='word_1_447' title='bbox 984 4274 1030 4344; x_wconf 91' lang='lat' dir='ltr'><strong>qul</strong></span> 
     </span>
     <span class='ocr_line' id='line_1_45' title="bbox 239 4358 1030 4434; baseline 0.003 -17"><span class='ocrx_word' id='word_1_448' title='bbox 239 4359 317 4418; x_wconf 88' lang='lat' dir='ltr'><strong>eruci</strong></span> <span class='ocrx_word' id='word_1_449' title='bbox 337 4373 393 4416; x_wconf 90' lang='lat' dir='ltr'><strong>non</strong></span> <span class='ocrx_word' id='word_1_450' title='bbox 413 4358 521 4429; x_wconf 85' lang='lat' dir='ltr'><strong>credis,</strong></span> <span class='ocrx_word' id='word_1_451' title='bbox 540 4359 676 4432; x_wconf 89' lang='lat' dir='ltr'><strong>quomodo</strong></span> <span class='ocrx_word' id='word_1_452' title='bbox 695 4360 789 4418; x_wconf 88' lang='lat' dir='ltr'><strong>eadem</strong></span> <span class='ocrx_word' id='word_1_453' title='bbox 811 4363 867 4434; x_wconf 82' lang='lat' dir='ltr'><strong>ipsa</strong></span> <span class='ocrx_word' id='word_1_454' title='bbox 885 4378 953 4434; x_wconf 88' lang='lat' dir='ltr'><strong>aqua</strong></span> <span class='ocrx_word' id='word_1_455' title='bbox 971 4364 1030 4420; x_wconf 88' lang='lat' dir='ltr'><strong>illos</strong></span> 
     </span>
     <span class='ocr_line' id='line_1_46' title="bbox 240 4449 1028 4524; baseline 0.003 -18"><span class='ocrx_word' id='word_1_456' title='bbox 240 4449 414 4524; x_wconf 62' lang='lat' dir='ltr'><strong>metuerit,</strong></span> <span class='ocrx_word' id='word_1_457' title='bbox 427 4457 455 4506; x_wconf 86' lang='lat' dir='ltr'><strong>et</strong></span> <span class='ocrx_word' id='word_1_458' title='bbox 475 4450 525 4507; x_wconf 85' lang='lat' dir='ltr'><strong>bos</strong></span> <span class='ocrx_word' id='word_1_459' title='bbox 544 4451 669 4507; x_wconf 78' lang='lat' dir='ltr'><strong>semovit.</strong></span> <span class='ocrx_word' id='word_1_460' title='bbox 692 4450 750 4508; x_wconf 82' lang='lat' dir='ltr'><strong>Uria</strong></span> <span class='ocrx_word' id='word_1_461' title='bbox 771 4461 830 4508; x_wconf 87' lang='lat' dir='ltr'><strong>erat</strong></span> <span class='ocrx_word' id='word_1_462' title='bbox 846 4468 1028 4523; x_wconf 88' lang='lat' dir='ltr'><strong>aqua,unum</strong></span> 
     </span>
     <span class='ocr_line' id='line_1_47' title="bbox 239 4541 1029 4614; baseline -0.003 -12"><span class='ocrx_word' id='word_1_463' title='bbox 239 4558 335 4612; x_wconf 71' lang='lat' dir='ltr'><strong>utre,</strong></span> <span class='ocrx_word' id='word_1_464' title='bbox 351 4550 379 4601; x_wconf 83' lang='lat' dir='ltr'><strong>et</strong></span> <span class='ocrx_word' id='word_1_465' title='bbox 393 4541 537 4600; x_wconf 80' lang='lat' dir='ltr'><strong>horumne</strong></span> <span class='ocrx_word' id='word_1_466' title='bbox 548 4542 644 4614; x_wconf 82' lang='lat' dir='ltr'><strong>pedem</strong></span> <span class='ocrx_word' id='word_1_467' title='bbox 660 4543 768 4613; x_wconf 87' lang='lat' dir='ltr'><strong>quidem</strong></span> <span class='ocrx_word' id='word_1_468' title='bbox 786 4541 948 4606; x_wconf 84' lang='lat' dir='ltr'><strong>ntalleiecit,</strong></span> <span class='ocrx_word' id='word_1_469' title='bbox 971 4544 1029 4601; x_wconf 92' lang='lat' dir='ltr'><strong>illo·</strong></span> 
     </span>
     <span class='ocr_line' id='line_1_48' title="bbox 240 4632 1030 4706; baseline 0 -13"><span class='ocrx_word' id='word_1_470' title='bbox 240 4652 300 4693; x_wconf 89' lang='lat' dir='ltr'><strong>rum</strong></span> <span class='ocrx_word' id='word_1_471' title='bbox 314 4649 379 4692; x_wconf 79' lang='lat' dir='ltr'><strong>tero</strong></span> <span class='ocrx_word' id='word_1_472' title='bbox 390 4649 426 4692; x_wconf 88' lang='lat' dir='ltr'><strong>ne</strong></span> <span class='ocrx_word' id='word_1_473' title='bbox 438 4632 578 4706; x_wconf 70' lang='lat' dir='ltr'><strong>vestigium</strong></span> <span class='ocrx_word' id='word_1_474' title='bbox 595 4633 704 4706; x_wconf 87' lang='lat' dir='ltr'><strong>quidem</strong></span> <span class='ocrx_word' id='word_1_475' title='bbox 725 4634 850 4706; x_wconf 90' lang='lat' dir='ltr'><strong>reliquit,</strong></span> <span class='ocrx_word' id='word_1_476' title='bbox 871 4635 919 4692; x_wconf 84' lang='lat' dir='ltr'><strong>sed</strong></span> <span class='ocrx_word' id='word_1_477' title='bbox 937 4652 1030 4693; x_wconf 87' lang='lat' dir='ltr'><strong>omnes</strong></span> 
     </span>
     <span class='ocr_line' id='line_1_49' title="bbox 232 4725 1029 4797; baseline -0.001 -12"><span class='ocrx_word' id='word_1_478' title='bbox 232 4727 320 4785; x_wconf 71' lang='lat' dir='ltr'><strong>simiai</strong></span> <span class='ocrx_word' id='word_1_479' title='bbox 333 4741 402 4797; x_wconf 85' lang='lat' dir='ltr'><strong>aqua</strong></span> <span class='ocrx_word' id='word_1_480' title='bbox 414 4725 571 4796; x_wconf 88' lang='lat' dir='ltr'><strong>cooperuit,</strong></span> <span class='ocrx_word' id='word_1_481' title='bbox 585 4738 779 4795; x_wconf 83' lang='lat' dir='ltr'><strong>communeque</strong></span> <span class='ocrx_word' id='word_1_482' title='bbox 792 4725 944 4795; x_wconf 82' lang='lat' dir='ltr'><strong>sepulcrum</strong></span> <span class='ocrx_word' id='word_1_483' title='bbox 957 4742 1029 4785; x_wconf 87' lang='lat' dir='ltr'><strong>mure</strong></span> 
     </span>
     <span class='ocr_line' id='line_1_50' title="bbox 238 4814 1028 4889; baseline -0.004 -12"><span class='ocrx_word' id='word_1_484' title='bbox 238 4819 303 4877; x_wconf 83' lang='lat' dir='ltr'><strong>iecit</strong></span> <span class='ocrx_word' id='word_1_485' title='bbox 314 4819 440 4876; x_wconf 81' lang='lat' dir='ltr'><strong>universo</strong></span> <span class='ocrx_word' id='word_1_486' title='bbox 449 4816 548 4888; x_wconf 88' lang='lat' dir='ltr'><strong>populo</strong></span> <span class='ocrx_word' id='word_1_487' title='bbox 559 4814 756 4889; x_wconf 72' lang='lat' dir='ltr'><strong>AEqypuomm.</strong></span> <span class='ocrx_word' id='word_1_488' title='bbox 767 4815 826 4884; x_wconf 83' lang='lat' dir='ltr'><strong>llic,</strong></span> <span class='ocrx_word' id='word_1_489' title='bbox 839 4831 947 4889; x_wconf 73' lang='lat' dir='ltr'><strong>maso,</strong></span> <span class='ocrx_word' id='word_1_490' title='bbox 964 4821 1028 4874; x_wconf 80' lang='lat' dir='ltr'><strong>milri</strong></span> 
     </span>
     <span class='ocr_line' id='line_1_51' title="bbox 239 4904 1030 4981; baseline 0.005 -19"><span class='ocrx_word' id='word_1_491' title='bbox 239 4908 291 4964; x_wconf 87' lang='lat' dir='ltr'><strong>boc</strong></span> <span class='ocrx_word' id='word_1_492' title='bbox 304 4906 439 4979; x_wconf 82' lang='lat' dir='ltr'><strong>quomodo</strong></span> <span class='ocrx_word' id='word_1_493' title='bbox 451 4905 548 4962; x_wconf 89' lang='lat' dir='ltr'><strong>iactum</strong></span> <span class='ocrx_word' id='word_1_494' title='bbox 559 4905 605 4962; x_wconf 85' lang='lat' dir='ltr'><strong>eit.</strong></span> <span class='ocrx_word' id='word_1_495' title='bbox 622 4904 704 4962; x_wconf 72' lang='lat' dir='ltr'><strong>tideo</strong></span> <span class='ocrx_word' id='word_1_496' title='bbox 712 4906 847 4978; x_wconf 88' lang='lat' dir='ltr'><strong>quomodo</strong></span> <span class='ocrx_word' id='word_1_497' title='bbox 856 4909 950 4965; x_wconf 84' lang='lat' dir='ltr'><strong>umbra</strong></span> <span class='ocrx_word' id='word_1_498' title='bbox 963 4925 1030 4981; x_wconf 85' lang='lat' dir='ltr'><strong>prac-</strong></span> 
     </span>
     <span class='ocr_line' id='line_1_52' title="bbox 239 4995 1029 5071; baseline 0 -15"><span class='ocrx_word' id='word_1_499' title='bbox 239 4997 371 5064; x_wconf 83' lang='lat' dir='ltr'><strong>oeoserit,</strong></span> <span class='ocrx_word' id='word_1_500' title='bbox 389 5004 418 5052; x_wconf 92' lang='grc' dir='ltr'><strong>ιιι</strong></span> <span class='ocrx_word' id='word_1_501' title='bbox 437 4995 518 5054; x_wconf 86' lang='lat' dir='ltr'><strong>tidem</strong></span> <span class='ocrx_word' id='word_1_502' title='bbox 538 4996 672 5053; x_wconf 79' lang='lat' dir='ltr'><strong>invertiret</strong></span> <span class='ocrx_word' id='word_1_503' title='bbox 690 4997 812 5053; x_wconf 73' lang='lat' dir='ltr'><strong>veritas?</strong></span> <span class='ocrx_word' id='word_1_504' title='bbox 830 5000 963 5071; x_wconf 89' lang='lat' dir='ltr'><strong>quomodo</strong></span> <span class='ocrx_word' id='word_1_505' title='bbox 986 5001 1029 5056; x_wconf 91' lang='lat' dir='ltr'><strong>illa</strong></span> 
     </span>
     <span class='ocr_line' id='line_1_53' title="bbox 240 5086 1031 5165; baseline 0 -19"><span class='ocrx_word' id='word_1_506' title='bbox 240 5088 346 5165; x_wconf 76' lang='lat' dir='ltr'><strong>quiden</strong></span> <span class='ocrx_word' id='word_1_507' title='bbox 359 5087 474 5154; x_wconf 75' lang='lat' dir='ltr'><strong>anua,</strong></span> <span class='ocrx_word' id='word_1_508' title='bbox 489 5086 646 5144; x_wconf 78' lang='lat' dir='ltr'><strong>baeeametu</strong></span> <span class='ocrx_word' id='word_1_509' title='bbox 657 5088 777 5144; x_wconf 74' lang='lat' dir='ltr'><strong>venusi</strong></span> <span class='ocrx_word' id='word_1_510' title='bbox 792 5089 836 5145; x_wconf 84' lang='lat' dir='ltr'><strong>illa</strong></span> <span class='ocrx_word' id='word_1_511' title='bbox 849 5090 942 5145; x_wconf 90' lang='lat' dir='ltr'><strong>umbra</strong></span> <span class='ocrx_word' id='word_1_512' title='bbox 954 5133 962 5157; x_wconf 96' lang='lat'><strong>,</strong></span> <span class='ocrx_word' id='word_1_513' title='bbox 974 5093 1031 5147; x_wconf 77' lang='lat' dir='ltr'><strong>laec</strong></span> 
     </span>
     <span class='ocr_line' id='line_1_54' title="bbox 241 5165 1030 5252; baseline -0.006 -17"><span class='ocrx_word' id='word_1_514' title='bbox 241 5195 285 5237; x_wconf 79' lang='lat' dir='ltr'><strong>rex</strong></span> <span class='ocrx_word' id='word_1_515' title='bbox 298 5174 385 5250; x_wconf 76' lang='lat' dir='ltr'><strong>ipset</strong></span> <span class='ocrx_word' id='word_1_516' title='bbox 398 5177 481 5235; x_wconf 65' lang='lat' dir='ltr'><strong>Video</strong></span> <span class='ocrx_word' id='word_1_517' title='bbox 493 5219 501 5245; x_wconf 92' lang='lat'><strong>,</strong></span> <span class='ocrx_word' id='word_1_518' title='bbox 515 5176 607 5248; x_wconf 79' lang='lat' dir='ltr'><strong>utiam</strong></span> <span class='ocrx_word' id='word_1_519' title='bbox 619 5165 693 5245; x_wconf 82' lang='lat' dir='ltr'><strong>dixi,</strong></span> <span class='ocrx_word' id='word_1_520' title='bbox 704 5179 788 5236; x_wconf 80' lang='lat' dir='ltr'><strong>Deum</strong></span> <span class='ocrx_word' id='word_1_521' title='bbox 800 5221 809 5246; x_wconf 95' lang='lat'><strong>,</strong></span> <span class='ocrx_word' id='word_1_522' title='bbox 822 5195 884 5237; x_wconf 91' lang='lat' dir='ltr'><strong>eutn</strong></span> <span class='ocrx_word' id='word_1_523' title='bbox 897 5181 952 5236; x_wconf 84' lang='grc' dir='ltr'>ιιιΙι</span> <span class='ocrx_word' id='word_1_524' title='bbox 964 5196 1030 5252; x_wconf 78' lang='lat' dir='ltr'><strong>opus</strong></span> 
     </span>
     <span class='ocr_line' id='line_1_55' title="bbox 243 5269 1030 5342; baseline 0 -14"><span class='ocrx_word' id='word_1_525' title='bbox 243 5271 374 5342; x_wconf 72' lang='lat' dir='ltr'><strong>quoddam</strong></span> <span class='ocrx_word' id='word_1_526' title='bbox 401 5269 522 5326; x_wconf 84' lang='lat' dir='ltr'><strong>mirabile</strong></span> <span class='ocrx_word' id='word_1_527' title='bbox 547 5277 720 5339; x_wconf 87' lang='lat' dir='ltr'><strong>perpetrare,</strong></span> <span class='ocrx_word' id='word_1_528' title='bbox 747 5271 845 5341; x_wconf 71' lang='lat' dir='ltr'><strong>figuras</strong></span> <span class='ocrx_word' id='word_1_529' title='bbox 869 5282 897 5326; x_wconf 90' lang='lat' dir='ltr'><strong>et</strong></span> <span class='ocrx_word' id='word_1_530' title='bbox 923 5271 1030 5328; x_wconf 82' lang='lat' dir='ltr'><strong>umltras</strong></span> 
     </span>
     <span class='ocr_line' id='line_1_56' title="bbox 244 5359 1031 5432; baseline -0.005 -12"><span class='ocrx_word' id='word_1_531' title='bbox 244 5364 420 5432; x_wconf 73' lang='lat' dir='ltr'><strong>tremuere,</strong></span> <span class='ocrx_word' id='word_1_532' title='bbox 448 5369 477 5417; x_wconf 90' lang='lat' dir='ltr'><strong>ut</strong></span> <span class='ocrx_word' id='word_1_533' title='bbox 503 5359 544 5418; x_wconf 85' lang='lat' dir='ltr'><strong>xic</strong></span> <span class='ocrx_word' id='word_1_534' title='bbox 563 5361 710 5432; x_wconf 87' lang='lat' dir='ltr'><strong>prooedeas</strong></span> <span class='ocrx_word' id='word_1_535' title='bbox 734 5363 834 5417; x_wconf 81' lang='lat' dir='ltr'><strong>ueritas</strong></span> <span class='ocrx_word' id='word_1_536' title='bbox 860 5362 938 5416; x_wconf 76' lang='lat' dir='ltr'><strong>bacile</strong></span> <span class='ocrx_word' id='word_1_537' title='bbox 961 5363 1031 5416; x_wconf 91' lang='lat' dir='ltr'><strong>acci-</strong></span> 
     </span>
     <span class='ocr_line' id='line_1_57' title="bbox 246 5454 346 5525; baseline -0.05 -14"><span class='ocrx_word' id='word_1_538' title='bbox 246 5454 346 5525; x_wconf 73' lang='lat' dir='ltr'><strong>piatur?</strong></span> 
     </span>
    </p>

    <p class='ocr_par' dir='ltr' id='par_1_7' title="bbox 241 5542 1031 5799">
     <span class='ocr_line' id='line_1_58' title="bbox 278 5542 1031 5617; baseline -0.004 -15"><span class='ocrx_word' id='word_1_539' title='bbox 278 5547 393 5604; x_wconf 75' lang='lat' dir='ltr'><strong>rteeesae</strong></span> <span class='ocrx_word' id='word_1_540' title='bbox 411 5554 454 5604; x_wconf 87' lang='lat' dir='ltr'><strong>ext</strong></span> <span class='ocrx_word' id='word_1_541' title='bbox 473 5545 545 5602; x_wconf 79' lang='lat' dir='ltr'><strong>mim</strong></span> <span class='ocrx_word' id='word_1_542' title='bbox 561 5546 705 5617; x_wconf 71' lang='lat' dir='ltr'><strong>inam’nem</strong></span> <span class='ocrx_word' id='word_1_543' title='bbox 720 5542 873 5604; x_wconf 85' lang='lat' dir='ltr'><strong>inierinrem</strong></span> <span class='ocrx_word' id='word_1_544' title='bbox 886 5557 946 5599; x_wconf 85' lang='lat' dir='ltr'><strong>esse</strong></span> <span class='ocrx_word' id='word_1_545' title='bbox 960 5546 1031 5600; x_wconf 84' lang='lat' dir='ltr'><strong>reri-</strong></span> 
     </span>
     <span class='ocr_line' id='line_1_59' title="bbox 241 5636 1030 5710; baseline -0.006 -14"><span class='ocrx_word' id='word_1_546' title='bbox 241 5642 318 5696; x_wconf 84' lang='lat' dir='ltr'><strong>tatei</strong></span> <span class='ocrx_word' id='word_1_547' title='bbox 330 5656 391 5695; x_wconf 88' lang='lat' dir='ltr'><strong>narn</strong></span> <span class='ocrx_word' id='word_1_548' title='bbox 403 5639 427 5696; x_wconf 84' lang='lat' dir='ltr'><strong>si</strong></span> <span class='ocrx_word' id='word_1_549' title='bbox 441 5654 490 5710; x_wconf 90' lang='lat' dir='ltr'><strong>per</strong></span> <span class='ocrx_word' id='word_1_550' title='bbox 501 5653 533 5696; x_wconf 87' lang='lat' dir='ltr'><strong>se</strong></span> <span class='ocrx_word' id='word_1_551' title='bbox 546 5637 631 5708; x_wconf 80' lang='lat' dir='ltr'><strong>ipsam</strong></span> <span class='ocrx_word' id='word_1_552' title='bbox 654 5637 771 5708; x_wconf 80' lang='lat' dir='ltr'><strong>ptoriecla</strong></span> <span class='ocrx_word' id='word_1_553' title='bbox 790 5643 882 5702; x_wconf 82' lang='lat' dir='ltr'><strong>esset,</strong></span> <span class='ocrx_word' id='word_1_554' title='bbox 901 5636 957 5706; x_wconf 84' lang='lat' dir='ltr'><strong>jam</strong></span> <span class='ocrx_word' id='word_1_555' title='bbox 978 5654 1030 5691; x_wconf 85' lang='lat' dir='ltr'><strong>nnn</strong></span> 
     </span>
     <span class='ocr_line' id='line_1_60' title="bbox 242 5726 1029 5799; baseline -0.009 -10"><span class='ocrx_word' id='word_1_556' title='bbox 242 5731 335 5790; x_wconf 69' lang='lat' dir='ltr'><strong>auore</strong></span> <span class='ocrx_word' id='word_1_557' title='bbox 348 5737 439 5796; x_wconf 82' lang='lat' dir='ltr'><strong>esset,</strong></span> <span class='ocrx_word' id='word_1_558' title='bbox 452 5728 499 5784; x_wconf 85' lang='lat' dir='ltr'><strong>sed</strong></span> <span class='ocrx_word' id='word_1_559' title='bbox 513 5727 621 5784; x_wconf 77' lang='lat' dir='ltr'><strong>ueritas.</strong></span> <span class='ocrx_word' id='word_1_560' title='bbox 635 5727 785 5784; x_wconf 77' lang='lat' dir='ltr'><strong>Antecexsit</strong></span> <span class='ocrx_word' id='word_1_561' title='bbox 797 5726 902 5799; x_wconf 88' lang='lat' dir='ltr'><strong>quidem</strong></span> <span class='ocrx_word' id='word_1_562' title='bbox 918 5728 1010 5782; x_wconf 77' lang='lat' dir='ltr'><strong>namura</strong></span> <span class='ocrx_word' id='word_1_563' title='bbox 1023 5771 1029 5793; x_wconf 96' lang='lat'><strong>,</strong></span> 
     </span>
    </p>
   </div>
   <div class='ocr_carea' id='block_1_7' title="bbox 1081 1529 1951 5536">
    <p class='ocr_par' dir='ltr' id='par_1_8' title="bbox 1081 1529 1920 4991">
     <span class='ocr_line' id='line_1_61' title="bbox 1092 1529 1882 1597; baseline 0.005 -16"><span class='ocrx_word' id='word_1_564' title='bbox 1092 1536 1199 1582; x_wconf 90' lang='lat' dir='ltr'><strong>sumant</strong></span> <span class='ocrx_word' id='word_1_565' title='bbox 1210 1543 1291 1582; x_wconf 87' lang='lat' dir='ltr'><strong>ovem</strong></span> <span class='ocrx_word' id='word_1_566' title='bbox 1307 1545 1359 1584; x_wconf 91' lang='lat' dir='ltr'><strong>uon</strong></span> <span class='ocrx_word' id='word_1_567' title='bbox 1381 1529 1559 1597; x_wconf 80' lang='lat' dir='ltr'><strong>maculatam,</strong></span> <span class='ocrx_word' id='word_1_568' title='bbox 1585 1530 1749 1596; x_wconf 84' lang='lat' dir='ltr'><strong>masculam,</strong></span> <span class='ocrx_word' id='word_1_569' title='bbox 1770 1532 1882 1586; x_wconf 90' lang='lat' dir='ltr'><strong>annicu-</strong></span> 
     </span>
     <span class='ocr_line' id='line_1_62' title="bbox 1092 1617 1881 1692; baseline 0.005 -20"><span class='ocrx_word' id='word_1_570' title='bbox 1092 1617 1144 1672; x_wconf 89' lang='lat' dir='ltr'><strong>lam</strong></span> <span class='ocrx_word' id='word_1_571' title='bbox 1157 1657 1165 1682; x_wconf 94' lang='lat'>‚</span> <span class='ocrx_word' id='word_1_572' title='bbox 1177 1618 1251 1689; x_wconf 79' lang='lat' dir='ltr'><strong>juxta</strong></span> <span class='ocrx_word' id='word_1_573' title='bbox 1265 1619 1377 1674; x_wconf 86' lang='lat' dir='ltr'><strong>l&#39;amllias</strong></span> <span class='ocrx_word' id='word_1_574' title='bbox 1389 1635 1481 1674; x_wconf 90' lang='lat' dir='ltr'><strong>eurum</strong></span> <span class='ocrx_word' id='word_1_575' title='bbox 1496 1638 1502 1674; x_wconf 94' lang='lat'><strong>:</strong></span> <span class='ocrx_word' id='word_1_576' title='bbox 1525 1619 1596 1690; x_wconf 91' lang='lat' dir='ltr'><strong>quod</strong></span> <span class='ocrx_word' id='word_1_577' title='bbox 1615 1621 1637 1674; x_wconf 86' lang='lat' dir='ltr'><strong>si</strong></span> <span class='ocrx_word' id='word_1_578' title='bbox 1657 1635 1786 1692; x_wconf 86' lang='lat' dir='ltr'><strong>pauperes</strong></span> <span class='ocrx_word' id='word_1_579' title='bbox 1807 1623 1881 1687; x_wconf 90' lang='lat' dir='ltr'><strong>sint,</strong></span> 
     </span>
     <span class='ocr_line' id='line_1_63' title="bbox 1091 1710 1881 1782; baseline 0.001 -17"><span class='ocrx_word' id='word_1_580' title='bbox 1091 1710 1195 1782; x_wconf 91' lang='lat' dir='ltr'><strong>inquit,</strong></span> <span class='ocrx_word' id='word_1_581' title='bbox 1209 1710 1312 1766; x_wconf 82' lang='lat' dir='ltr'><strong>uicinus</strong></span> <span class='ocrx_word' id='word_1_582' title='bbox 1325 1711 1439 1766; x_wconf 85' lang='lat' dir='ltr'><strong>vicinum</strong></span> <span class='ocrx_word' id='word_1_583' title='bbox 1452 1711 1611 1777; x_wconf 83' lang='lat' dir='ltr'><strong>advocabit,</strong></span> <span class='ocrx_word' id='word_1_584' title='bbox 1622 1711 1720 1766; x_wconf 80' lang='lat' dir='ltr'><strong>familia</strong></span> <span class='ocrx_word' id='word_1_585' title='bbox 1734 1713 1859 1768; x_wconf 80' lang='lat' dir='ltr'><strong>familiam</strong></span> <span class='ocrx_word' id='word_1_586' title='bbox 1872 1730 1881 1779; x_wconf 88' lang='lat'><strong>;</strong></span> 
     </span>
     <span class='ocr_line' id='line_1_64' title="bbox 1090 1801 1882 1881; baseline -0.001 -25"><span class='ocrx_word' id='word_1_587' title='bbox 1090 1811 1117 1858; x_wconf 90' lang='lat' dir='ltr'><strong>ct</strong></span> <span class='ocrx_word' id='word_1_588' title='bbox 1130 1802 1169 1857; x_wconf 92' lang='lat' dir='ltr'><strong>sic</strong></span> <span class='ocrx_word' id='word_1_589' title='bbox 1178 1817 1255 1855; x_wconf 87' lang='lat' dir='ltr'><strong>ovem</strong></span> <span class='ocrx_word' id='word_1_590' title='bbox 1266 1810 1418 1868; x_wconf 84' lang='lat' dir='ltr'><strong>suanentcs,</strong></span> <span class='ocrx_word' id='word_1_591' title='bbox 1433 1817 1509 1857; x_wconf 84' lang='lat' dir='ltr'><strong>ovem</strong></span> <span class='ocrx_word' id='word_1_592' title='bbox 1519 1817 1576 1881; x_wconf 19' lang='lat' dir='ltr'><strong>*nou</strong></span> <span class='ocrx_word' id='word_1_593' title='bbox 1588 1801 1745 1857; x_wconf 86' lang='lat' dir='ltr'><strong>maculatam</strong></span> <span class='ocrx_word' id='word_1_594' title='bbox 1756 1843 1766 1858; x_wconf 72' lang='grc'>,</span> <span class='ocrx_word' id='word_1_595' title='bbox 1779 1818 1882 1857; x_wconf 91' lang='lat' dir='ltr'><strong>mascu-</strong></span> 
     </span>
     <span class='ocr_line' id='line_1_65' title="bbox 1091 1893 1883 1962; baseline 0.003 -16"><span class='ocrx_word' id='word_1_596' title='bbox 1091 1893 1142 1948; x_wconf 90' lang='lat' dir='ltr'><strong>lam</strong></span> <span class='ocrx_word' id='word_1_597' title='bbox 1156 1933 1163 1956; x_wconf 96' lang='lat'><strong>,</strong></span> <span class='ocrx_word' id='word_1_598' title='bbox 1179 1893 1349 1958; x_wconf 90' lang='lat' dir='ltr'><strong>anniculam,</strong></span> <span class='ocrx_word' id='word_1_599' title='bbox 1363 1893 1514 1960; x_wconf 88' lang='lat' dir='ltr'><strong>immolate,</strong></span> <span class='ocrx_word' id='word_1_600' title='bbox 1528 1893 1628 1962; x_wconf 89' lang='lat' dir='ltr'><strong>inquit,</strong></span> <span class='ocrx_word' id='word_1_601' title='bbox 1641 1893 1714 1962; x_wconf 83' lang='lat' dir='ltr'><strong>juxta</strong></span> <span class='ocrx_word' id='word_1_602' title='bbox 1727 1893 1841 1948; x_wconf 85' lang='lat' dir='ltr'><strong>tamilias</strong></span> <span class='ocrx_word' id='word_1_603' title='bbox 1853 1901 1883 1948; x_wconf 86' lang='lat' dir='ltr'><strong>ct</strong></span> 
     </span>
     <span class='ocr_line' id='line_1_66' title="bbox 1089 1984 1882 2056; baseline 0.005 -18"><span class='ocrx_word' id='word_1_604' title='bbox 1089 1984 1163 2056; x_wconf 79' lang='lat' dir='ltr'><strong>justa</strong></span> <span class='ocrx_word' id='word_1_605' title='bbox 1178 1985 1272 2040; x_wconf 91' lang='lat' dir='ltr'><strong>domos</strong></span> <span class='ocrx_word' id='word_1_606' title='bbox 1286 1985 1412 2041; x_wconf 90' lang='lat' dir='ltr'><strong>tribuum.</strong></span> <span class='ocrx_word' id='word_1_607' title='bbox 1429 1986 1462 2040; x_wconf 86' lang='lat' dir='ltr'><strong>Et</strong></span> <span class='ocrx_word' id='word_1_608' title='bbox 1474 2000 1568 2040; x_wconf 86' lang='lat' dir='ltr'><strong>carnes</strong></span> <span class='ocrx_word' id='word_1_609' title='bbox 1584 1985 1689 2056; x_wconf 90' lang='lat' dir='ltr'><strong>quidem</strong></span> <span class='ocrx_word' id='word_1_610' title='bbox 1712 1985 1782 2040; x_wconf 92' lang='lat' dir='ltr'><strong>illius</strong></span> <span class='ocrx_word' id='word_1_611' title='bbox 1796 2000 1882 2042; x_wconf 87' lang='lat' dir='ltr'><strong>come·</strong></span> 
     </span>
     <span class='ocr_line' id='line_1_67' title="bbox 1090 2076 1880 2149; baseline -0.005 -15"><span class='ocrx_word' id='word_1_612' title='bbox 1090 2078 1144 2134; x_wconf 90' lang='lat' dir='ltr'><strong>dite</strong></span> <span class='ocrx_word' id='word_1_613' title='bbox 1158 2093 1232 2133; x_wconf 80' lang='lat' dir='ltr'><strong>assas</strong></span> <span class='ocrx_word' id='word_1_614' title='bbox 1245 2078 1317 2149; x_wconf 75' lang='lat' dir='ltr'><strong>igui;</strong></span> <span class='ocrx_word' id='word_1_615' title='bbox 1335 2077 1401 2134; x_wconf 87' lang='lat' dir='ltr'><strong>nibil</strong></span> <span class='ocrx_word' id='word_1_616' title='bbox 1413 2095 1446 2132; x_wconf 90' lang='lat' dir='ltr'><strong>ex</strong></span> <span class='ocrx_word' id='word_1_617' title='bbox 1467 2078 1505 2132; x_wconf 89' lang='lat' dir='ltr'><strong>eis</strong></span> <span class='ocrx_word' id='word_1_618' title='bbox 1522 2077 1703 2146; x_wconf 64' lang='lat' dir='ltr'><strong>relinquebam</strong></span> <span class='ocrx_word' id='word_1_619' title='bbox 1724 2076 1880 2146; x_wconf 73' lang='lat' dir='ltr'><strong>sanquinem</strong></span> 
     </span>
     <span class='ocr_line' id='line_1_68' title="bbox 1089 2169 1878 2242; baseline -0.001 -17"><span class='ocrx_word' id='word_1_620' title='bbox 1089 2187 1153 2227; x_wconf 84' lang='lat' dir='ltr'><strong>vero</strong></span> <span class='ocrx_word' id='word_1_621' title='bbox 1166 2169 1249 2242; x_wconf 87' lang='lat' dir='ltr'><strong>ipsius</strong></span> <span class='ocrx_word' id='word_1_622' title='bbox 1263 2171 1356 2228; x_wconf 89' lang='lat' dir='ltr'><strong>illinite</strong></span> <span class='ocrx_word' id='word_1_623' title='bbox 1369 2172 1394 2226; x_wconf 89' lang='lat' dir='ltr'><strong>in</strong></span> <span class='ocrx_word' id='word_1_624' title='bbox 1409 2179 1499 2240; x_wconf 89' lang='lat' dir='ltr'><strong>postes</strong></span> <span class='ocrx_word' id='word_1_625' title='bbox 1512 2179 1624 2226; x_wconf 81' lang='lat' dir='ltr'><strong>nostros.</strong></span> <span class='ocrx_word' id='word_1_626' title='bbox 1640 2169 1778 2226; x_wconf 85' lang='lat' dir='ltr'><strong>Comedite</strong></span> <span class='ocrx_word' id='word_1_627' title='bbox 1789 2180 1878 2225; x_wconf 90' lang='lat' dir='ltr'><strong>autem</strong></span> 
     </span>
     <span class='ocr_line' id='line_1_69' title="bbox 1089 2261 1881 2332; baseline 0.003 -16"><span class='ocrx_word' id='word_1_628' title='bbox 1089 2263 1181 2325; x_wconf 88' lang='lat' dir='ltr'><strong>illam,</strong></span> <span class='ocrx_word' id='word_1_629' title='bbox 1206 2263 1310 2332; x_wconf 90' lang='lat' dir='ltr'><strong>iuquit,</strong></span> <span class='ocrx_word' id='word_1_630' title='bbox 1333 2277 1412 2318; x_wconf 88' lang='lat' dir='ltr'><strong>renes</strong></span> <span class='ocrx_word' id='word_1_631' title='bbox 1433 2263 1636 2327; x_wconf 87' lang='lat' dir='ltr'><strong>circumcincti,</strong></span> <span class='ocrx_word' id='word_1_632' title='bbox 1662 2262 1773 2317; x_wconf 88' lang='lat' dir='ltr'><strong>calccati</strong></span> <span class='ocrx_word' id='word_1_633' title='bbox 1797 2261 1881 2330; x_wconf 86' lang='lat' dir='ltr'><strong>pedes</strong></span> 
     </span>
     <span class='ocr_line' id='line_1_70' title="bbox 1086 2352 1881 2425; baseline -0.003 -17"><span class='ocrx_word' id='word_1_634' title='bbox 1086 2363 1192 2410; x_wconf 81' lang='lat' dir='ltr'><strong>uestros</strong></span> <span class='ocrx_word' id='word_1_635' title='bbox 1206 2353 1309 2425; x_wconf 78' lang='lat' dir='ltr'><strong>(Esou.</strong></span> <span class='ocrx_word' id='word_1_636' title='bbox 1324 2355 1368 2408; x_wconf 79' lang='lat' dir='ltr'><strong>lu.</strong></span> <span class='ocrx_word' id='word_1_637' title='bbox 1380 2355 1406 2408; x_wconf 81' lang='lat'><strong>5.</strong></span> <span class='ocrx_word' id='word_1_638' title='bbox 1420 2370 1475 2425; x_wconf 76' lang='lat' dir='ltr'><strong>sqq.</strong></span> <span class='ocrx_word' id='word_1_639' title='bbox 1487 2357 1507 2422; x_wconf 78' lang='lat' dir='ltr'><strong>l,</strong></span> <span class='ocrx_word' id='word_1_640' title='bbox 1523 2362 1550 2408; x_wconf 90' lang='lat' dir='ltr'><strong>et</strong></span> <span class='ocrx_word' id='word_1_641' title='bbox 1568 2353 1618 2406; x_wconf 90' lang='lat' dir='ltr'><strong>lmc</strong></span> <span class='ocrx_word' id='word_1_642' title='bbox 1631 2365 1757 2418; x_wconf 73' lang='lat' dir='ltr'><strong>tartunam</strong></span> <span class='ocrx_word' id='word_1_643' title='bbox 1769 2352 1881 2407; x_wconf 78' lang='lat' dir='ltr'><strong>viatoris</strong></span> 
     </span>
     <span class='ocr_line' id='line_1_71' title="bbox 1089 2442 1880 2513; baseline 0 -14"><span class='ocrx_word' id='word_1_644' title='bbox 1089 2445 1211 2510; x_wconf 73' lang='lat' dir='ltr'><strong>babitus:</strong></span> <span class='ocrx_word' id='word_1_645' title='bbox 1235 2445 1457 2500; x_wconf 72' lang='lat' dir='ltr'><strong>lucernensem</strong></span> <span class='ocrx_word' id='word_1_646' title='bbox 1471 2443 1617 2510; x_wconf 67' lang='lat' dir='ltr'><strong>arteman</strong></span> <span class='ocrx_word' id='word_1_647' title='bbox 1639 2443 1742 2513; x_wconf 79' lang='lat' dir='ltr'><strong>queret</strong></span> <span class='ocrx_word' id='word_1_648' title='bbox 1763 2442 1880 2512; x_wconf 82' lang='lat' dir='ltr'><strong>Vespera</strong></span> 
     </span>
     <span class='ocr_line' id='line_1_72' title="bbox 1088 2535 1897 2608; baseline 0 -16"><span class='ocrx_word' id='word_1_649' title='bbox 1088 2539 1191 2594; x_wconf 86' lang='lat' dir='ltr'><strong>scilicet</strong></span> <span class='ocrx_word' id='word_1_650' title='bbox 1205 2551 1251 2592; x_wconf 88' lang='lat' dir='ltr'><strong>eos</strong></span> <span class='ocrx_word' id='word_1_651' title='bbox 1266 2537 1422 2608; x_wconf 83' lang='lat' dir='ltr'><strong>occupabat.</strong></span> <span class='ocrx_word' id='word_1_652' title='bbox 1438 2535 1471 2592; x_wconf 88' lang='lat' dir='ltr'><strong>Et</strong></span> <span class='ocrx_word' id='word_1_653' title='bbox 1485 2551 1587 2606; x_wconf 87' lang='lat' dir='ltr'><strong>qnare,</strong></span> <span class='ocrx_word' id='word_1_654' title='bbox 1600 2537 1731 2592; x_wconf 88' lang='lat' dir='ltr'><strong>coruedite</strong></span> <span class='ocrx_word' id='word_1_655' title='bbox 1746 2536 1813 2592; x_wconf 85' lang='lat' dir='ltr'><strong>sicut</strong></span> <span class='ocrx_word' id='word_1_656' title='bbox 1825 2537 1880 2592; x_wconf 86' lang='lat' dir='ltr'><strong>ria·</strong></span> <span class='ocrx_word' id='word_1_657' title='bbox 1896 2595 1897 2598; x_wconf 60' lang='grc'>,</span> 
     </span>
     <span class='ocr_line' id='line_1_73' title="bbox 1088 2631 1879 2702; baseline 0 -16"><span class='ocrx_word' id='word_1_658' title='bbox 1088 2631 1180 2686; x_wconf 80' lang='lat' dir='ltr'><strong>tores?</strong></span> <span class='ocrx_word' id='word_1_659' title='bbox 1195 2631 1299 2701; x_wconf 73' lang='lat' dir='ltr'><strong>quare?</strong></span> <span class='ocrx_word' id='word_1_660' title='bbox 1313 2644 1364 2700; x_wconf 78' lang='lat' dir='ltr'><strong>ego</strong></span> <span class='ocrx_word' id='word_1_661' title='bbox 1384 2631 1465 2685; x_wconf 88' lang='lat' dir='ltr'><strong>dico:</strong></span> <span class='ocrx_word' id='word_1_662' title='bbox 1489 2645 1585 2700; x_wconf 84' lang='lat' dir='ltr'><strong>nempe</strong></span> <span class='ocrx_word' id='word_1_663' title='bbox 1606 2639 1715 2701; x_wconf 89' lang='lat' dir='ltr'><strong>propter</strong></span> <span class='ocrx_word' id='word_1_664' title='bbox 1736 2639 1827 2702; x_wconf 76' lang='lat' dir='ltr'><strong>typum</strong></span> <span class='ocrx_word' id='word_1_665' title='bbox 1851 2639 1879 2686; x_wconf 87' lang='lat' dir='ltr'><strong>et</strong></span> 
     </span>
     <span class='ocr_line' id='line_1_74' title="bbox 1087 2722 1879 2794; baseline -0.003 -16"><span class='ocrx_word' id='word_1_666' title='bbox 1087 2733 1197 2794; x_wconf 83' lang='lat' dir='ltr'><strong>propter</strong></span> <span class='ocrx_word' id='word_1_667' title='bbox 1210 2722 1349 2778; x_wconf 83' lang='lat' dir='ltr'><strong>toritatem</strong></span> <span class='ocrx_word' id='word_1_668' title='bbox 1365 2739 1372 2777; x_wconf 76' lang='grc' dir='ltr'><strong>ε</strong></span> <span class='ocrx_word' id='word_1_669' title='bbox 1388 2722 1493 2792; x_wconf 86' lang='lat' dir='ltr'><strong>quaudo</strong></span> <span class='ocrx_word' id='word_1_670' title='bbox 1506 2722 1612 2793; x_wconf 90' lang='lat' dir='ltr'><strong>quidem</strong></span> <span class='ocrx_word' id='word_1_671' title='bbox 1627 2723 1724 2791; x_wconf 80' lang='lat' dir='ltr'><strong>sepius</strong></span> <span class='ocrx_word' id='word_1_672' title='bbox 1737 2737 1879 2791; x_wconf 82' lang='lat' dir='ltr'><strong>percussus</strong></span> 
     </span>
     <span class='ocr_line' id='line_1_75' title="bbox 1085 2811 1877 2884; baseline -0.005 -14"><span class='ocrx_word' id='word_1_673' title='bbox 1085 2825 1127 2870; x_wconf 88' lang='lat' dir='ltr'><strong>est</strong></span> <span class='ocrx_word' id='word_1_674' title='bbox 1143 2815 1247 2870; x_wconf 79' lang='lat' dir='ltr'><strong>Piratae</strong></span> <span class='ocrx_word' id='word_1_675' title='bbox 1259 2824 1286 2870; x_wconf 90' lang='lat' dir='ltr'><strong>et</strong></span> <span class='ocrx_word' id='word_1_676' title='bbox 1299 2830 1351 2870; x_wconf 93' lang='lat' dir='ltr'><strong>non</strong></span> <span class='ocrx_word' id='word_1_677' title='bbox 1364 2813 1464 2870; x_wconf 89' lang='lat' dir='ltr'><strong>dimisit</strong></span> <span class='ocrx_word' id='word_1_678' title='bbox 1477 2815 1554 2878; x_wconf 90' lang='lat' dir='ltr'><strong>ilios;</strong></span> <span class='ocrx_word' id='word_1_679' title='bbox 1569 2822 1596 2870; x_wconf 87' lang='lat' dir='ltr'><strong>et</strong></span> <span class='ocrx_word' id='word_1_680' title='bbox 1609 2813 1676 2868; x_wconf 88' lang='lat' dir='ltr'><strong>dixit</strong></span> <span class='ocrx_word' id='word_1_681' title='bbox 1688 2813 1739 2868; x_wconf 87' lang='lat' dir='ltr'><strong>illis</strong></span> <span class='ocrx_word' id='word_1_682' title='bbox 1752 2811 1856 2884; x_wconf 83' lang='lat' dir='ltr'><strong>iloyses</strong></span> <span class='ocrx_word' id='word_1_683' title='bbox 1870 2829 1877 2866; x_wconf 80' lang='grc' dir='ltr'><strong>ι</strong></span> 
     </span>
     <span class='ocr_line' id='line_1_76' title="bbox 1086 2901 1878 2976; baseline -0.003 -16"><span class='ocrx_word' id='word_1_684' title='bbox 1086 2905 1168 2960; x_wconf 89' lang='lat' dir='ltr'><strong>bodie</strong></span> <span class='ocrx_word' id='word_1_685' title='bbox 1180 2907 1327 2976; x_wconf 85' lang='lat' dir='ltr'><strong>parotrtitur</strong></span> <span class='ocrx_word' id='word_1_686' title='bbox 1339 2911 1366 2960; x_wconf 87' lang='lat' dir='ltr'><strong>&#39;et</strong></span> <span class='ocrx_word' id='word_1_687' title='bbox 1379 2905 1488 2960; x_wconf 88' lang='lat' dir='ltr'><strong>dimittit</strong></span> <span class='ocrx_word' id='word_1_688' title='bbox 1501 2907 1510 2976; x_wconf 74' lang='lat' dir='ltr'><strong>l</strong></span> <span class='ocrx_word' id='word_1_689' title='bbox 1524 2904 1609 2960; x_wconf 71' lang='lat' dir='ltr'><strong>[laod.</strong></span> <span class='ocrx_word' id='word_1_690' title='bbox 1627 2904 1670 2958; x_wconf 88' lang='lat' dir='ltr'><strong>ll.</strong></span> <span class='ocrx_word' id='word_1_691' title='bbox 1684 2903 1697 2958; x_wconf 91' lang='lat' dir='ltr'><strong>l</strong></span> <span class='ocrx_word' id='word_1_692' title='bbox 1712 2901 1733 2973; x_wconf 89' lang='lat'><strong>);</strong></span> <span class='ocrx_word' id='word_1_693' title='bbox 1747 2903 1878 2974; x_wconf 85' lang='lat' dir='ltr'><strong>percutie-</strong></span> 
     </span>
     <span class='ocr_line' id='line_1_77' title="bbox 1087 2997 1876 3064; baseline -0.004 -13"><span class='ocrx_word' id='word_1_694' title='bbox 1087 2997 1182 3064; x_wconf 84' lang='lat' dir='ltr'><strong>batur,</strong></span> <span class='ocrx_word' id='word_1_695' title='bbox 1199 3011 1252 3052; x_wconf 92' lang='lat' dir='ltr'><strong>non</strong></span> <span class='ocrx_word' id='word_1_696' title='bbox 1269 3006 1356 3052; x_wconf 92' lang='lat' dir='ltr'><strong>tamen</strong></span> <span class='ocrx_word' id='word_1_697' title='bbox 1380 2997 1535 3061; x_wconf 76' lang='lat' dir='ltr'><strong>conitiens,</strong></span> <span class='ocrx_word' id='word_1_698' title='bbox 1555 3010 1654 3050; x_wconf 93' lang='lat' dir='ltr'><strong>nonum</strong></span> <span class='ocrx_word' id='word_1_699' title='bbox 1676 3009 1818 3064; x_wconf 80' lang='lat' dir='ltr'><strong>permissus</strong></span> <span class='ocrx_word' id='word_1_700' title='bbox 1836 3003 1876 3049; x_wconf 88' lang='lat' dir='ltr'><strong>est</strong></span> 
     </span>
     <span class='ocr_line' id='line_1_78' title="bbox 1086 3083 1920 3157; baseline -0.004 -15"><span class='ocrx_word' id='word_1_701' title='bbox 1086 3096 1113 3142; x_wconf 86' lang='lat' dir='ltr'><strong>et</strong></span> <span class='ocrx_word' id='word_1_702' title='bbox 1126 3102 1179 3142; x_wconf 91' lang='lat' dir='ltr'><strong>non</strong></span> <span class='ocrx_word' id='word_1_703' title='bbox 1194 3087 1313 3153; x_wconf 87' lang='lat' dir='ltr'><strong>dimisit;</strong></span> <span class='ocrx_word' id='word_1_704' title='bbox 1330 3102 1410 3156; x_wconf 86' lang='lat' dir='ltr'><strong>super</strong></span> <span class='ocrx_word' id='word_1_705' title='bbox 1421 3087 1550 3142; x_wconf 87' lang='lat' dir='ltr'><strong>decimam</strong></span> <span class='ocrx_word' id='word_1_706' title='bbox 1565 3096 1655 3142; x_wconf 82' lang='lat' dir='ltr'><strong>etitem</strong></span> <span class='ocrx_word' id='word_1_707' title='bbox 1669 3087 1770 3157; x_wconf 73' lang='lat' dir='ltr'><strong>plagam</strong></span> <span class='ocrx_word' id='word_1_708' title='bbox 1784 3083 1875 3140; x_wconf 79' lang='lat' dir='ltr'><strong>dimit·</strong></span> <span class='ocrx_word' id='word_1_709' title='bbox 1915 3117 1920 3124; x_wconf 89' lang='lat'><em>-</em></span> 
     </span>
     <span class='ocr_line' id='line_1_79' title="bbox 1086 3177 1877 3245; baseline 0 -11"><span class='ocrx_word' id='word_1_710' title='bbox 1086 3188 1142 3235; x_wconf 88' lang='lat' dir='ltr'><strong>tere</strong></span> <span class='ocrx_word' id='word_1_711' title='bbox 1166 3179 1226 3236; x_wconf 87' lang='lat' dir='ltr'><strong>illos</strong></span> <span class='ocrx_word' id='word_1_712' title='bbox 1250 3180 1361 3245; x_wconf 86' lang='lat' dir='ltr'><strong>statuit;</strong></span> <span class='ocrx_word' id='word_1_713' title='bbox 1391 3179 1451 3234; x_wconf 92' lang='lat' dir='ltr'><strong>ideo</strong></span> <span class='ocrx_word' id='word_1_714' title='bbox 1475 3179 1559 3244; x_wconf 89' lang='lat' dir='ltr'><strong>dicit,</strong></span> <span class='ocrx_word' id='word_1_715' title='bbox 1587 3177 1723 3234; x_wconf 72' lang='lat' dir='ltr'><strong>viatorum</strong></span> <span class='ocrx_word' id='word_1_716' title='bbox 1748 3178 1877 3234; x_wconf 84' lang='lat' dir='ltr'><strong>assumite</strong></span> 
     </span>
     <span class='ocr_line' id='line_1_80' title="bbox 1085 3268 1876 3343; baseline -0.006 -16"><span class='ocrx_word' id='word_1_717' title='bbox 1085 3270 1204 3327; x_wconf 87' lang='lat' dir='ltr'><strong>habiturn</strong></span> <span class='ocrx_word' id='word_1_718' title='bbox 1218 3270 1325 3343; x_wconf 75' lang='lat' dir='ltr'><strong>(Esou.</strong></span> <span class='ocrx_word' id='word_1_719' title='bbox 1341 3271 1384 3326; x_wconf 74' lang='lat' dir='ltr'><strong>tu.</strong></span> <span class='ocrx_word' id='word_1_720' title='bbox 1403 3271 1431 3326; x_wconf 91' lang='lat' dir='ltr'><strong>il</strong></span> <span class='ocrx_word' id='word_1_721' title='bbox 1445 3269 1467 3342; x_wconf 91' lang='lat'><strong>);</strong></span> <span class='ocrx_word' id='word_1_722' title='bbox 1489 3281 1627 3340; x_wconf 90' lang='lat' dir='ltr'><strong>postquam</strong></span> <span class='ocrx_word' id='word_1_723' title='bbox 1647 3268 1717 3324; x_wconf 90' lang='lat' dir='ltr'><strong>enim</strong></span> <span class='ocrx_word' id='word_1_724' title='bbox 1733 3269 1876 3323; x_wconf 90' lang='lat' dir='ltr'><strong>manduea-</strong></span> 
     </span>
     <span class='ocr_line' id='line_1_81' title="bbox 1085 3357 1876 3430; baseline -0.006 -12"><span class='ocrx_word' id='word_1_725' title='bbox 1085 3363 1195 3428; x_wconf 84' lang='lat' dir='ltr'><strong>neritis,</strong></span> <span class='ocrx_word' id='word_1_726' title='bbox 1210 3360 1275 3416; x_wconf 80' lang='lat' dir='ltr'><strong>nilitl</strong></span> <span class='ocrx_word' id='word_1_727' title='bbox 1289 3375 1431 3417; x_wconf 89' lang='lat' dir='ltr'><strong>commune</strong></span> <span class='ocrx_word' id='word_1_728' title='bbox 1449 3359 1524 3416; x_wconf 86' lang='lat' dir='ltr'><strong>vobis</strong></span> <span class='ocrx_word' id='word_1_729' title='bbox 1544 3375 1603 3415; x_wconf 91' lang='lat' dir='ltr'><strong>cum</strong></span> <span class='ocrx_word' id='word_1_730' title='bbox 1627 3357 1759 3430; x_wconf 69' lang='lat' dir='ltr'><strong>Egyptor</strong></span> <span class='ocrx_word' id='word_1_731' title='bbox 1780 3358 1876 3413; x_wconf 77' lang='grc' dir='ltr'>ειιιιιιιο</span> 
     </span>
     <span class='ocr_line' id='line_1_82' title="bbox 1084 3450 1874 3527; baseline -0.01 -16"><span class='ocrx_word' id='word_1_732' title='bbox 1084 3470 1169 3527; x_wconf 80' lang='lat' dir='ltr'><strong>erqo,</strong></span> <span class='ocrx_word' id='word_1_733' title='bbox 1194 3454 1299 3526; x_wconf 91' lang='lat' dir='ltr'><strong>inquit,</strong></span> <span class='ocrx_word' id='word_1_734' title='bbox 1325 3469 1401 3509; x_wconf 84' lang='lat' dir='ltr'><strong>orem</strong></span> <span class='ocrx_word' id='word_1_735' title='bbox 1424 3468 1479 3508; x_wconf 93' lang='lat' dir='ltr'><strong>nnn</strong></span> <span class='ocrx_word' id='word_1_736' title='bbox 1507 3453 1682 3516; x_wconf 88' lang='lat' dir='ltr'><strong>maculatam,</strong></span> <span class='ocrx_word' id='word_1_737' title='bbox 1706 3450 1874 3517; x_wconf 87' lang='lat' dir='ltr'><strong>masculam,</strong></span> 
     </span>
     <span class='ocr_line' id='line_1_83' title="bbox 1084 3541 1874 3610; baseline -0.009 -9"><span class='ocrx_word' id='word_1_738' title='bbox 1084 3546 1234 3602; x_wconf 89' lang='lat' dir='ltr'><strong>anniculam</strong></span> <span class='ocrx_word' id='word_1_739' title='bbox 1247 3587 1255 3610; x_wconf 96' lang='lat'><strong>,</strong></span> <span class='ocrx_word' id='word_1_740' title='bbox 1270 3554 1298 3602; x_wconf 91' lang='lat' dir='ltr'><strong>et</strong></span> <span class='ocrx_word' id='word_1_741' title='bbox 1311 3545 1448 3600; x_wconf 89' lang='lat' dir='ltr'><strong>immolate</strong></span> <span class='ocrx_word' id='word_1_742' title='bbox 1462 3544 1552 3610; x_wconf 80' lang='lat' dir='ltr'><strong>illam3</strong></span> <span class='ocrx_word' id='word_1_743' title='bbox 1567 3551 1595 3597; x_wconf 91' lang='lat' dir='ltr'><strong>et</strong></span> <span class='ocrx_word' id='word_1_744' title='bbox 1608 3541 1703 3598; x_wconf 89' lang='lat' dir='ltr'><strong>illinite</strong></span> <span class='ocrx_word' id='word_1_745' title='bbox 1719 3541 1874 3610; x_wconf 75' lang='lat' dir='ltr'><strong>sanguinent</strong></span> 
     </span>
     <span class='ocr_line' id='line_1_84' title="bbox 1085 3629 1874 3710; baseline -0.013 -17"><span class='ocrx_word' id='word_1_746' title='bbox 1085 3639 1167 3710; x_wconf 83' lang='lat' dir='ltr'><strong>ipsius</strong></span> <span class='ocrx_word' id='word_1_747' title='bbox 1190 3638 1217 3692; x_wconf 92' lang='lat' dir='ltr'><strong>in</strong></span> <span class='ocrx_word' id='word_1_748' title='bbox 1238 3647 1330 3708; x_wconf 89' lang='lat' dir='ltr'><strong>postes</strong></span> <span class='ocrx_word' id='word_1_749' title='bbox 1352 3645 1475 3703; x_wconf 87' lang='lat' dir='ltr'><strong>vestros,</strong></span> <span class='ocrx_word' id='word_1_750' title='bbox 1497 3643 1526 3690; x_wconf 93' lang='lat' dir='ltr'><strong>ut</strong></span> <span class='ocrx_word' id='word_1_751' title='bbox 1545 3634 1655 3690; x_wconf 81' lang='lat' dir='ltr'><strong>veniens</strong></span> <span class='ocrx_word' id='word_1_752' title='bbox 1674 3632 1802 3701; x_wconf 80' lang='lat' dir='ltr'><strong>angelus,</strong></span> <span class='ocrx_word' id='word_1_753' title='bbox 1824 3629 1874 3684; x_wconf 90' lang='lat' dir='ltr'><strong>etsi</strong></span> 
     </span>
     <span class='ocr_line' id='line_1_85' title="bbox 1084 3722 1875 3807; baseline -0.015 -23"><span class='ocrx_word' id='word_1_754' title='bbox 1084 3737 1195 3807; x_wconf 85' lang='lat' dir='ltr'><strong>propter</strong></span> <span class='ocrx_word' id='word_1_755' title='bbox 1209 3727 1268 3784; x_wconf 92' lang='lat' dir='ltr'><strong>illos</strong></span> <span class='ocrx_word' id='word_1_756' title='bbox 1281 3743 1334 3801; x_wconf 77' lang='lat' dir='ltr'><strong>tion</strong></span> <span class='ocrx_word' id='word_1_757' title='bbox 1348 3735 1456 3797; x_wconf 89' lang='lat' dir='ltr'><strong>parcat,</strong></span> <span class='ocrx_word' id='word_1_758' title='bbox 1470 3735 1561 3797; x_wconf 90' lang='lat' dir='ltr'><strong>pareat</strong></span> <span class='ocrx_word' id='word_1_759' title='bbox 1574 3733 1662 3778; x_wconf 90' lang='lat' dir='ltr'><strong>tamen</strong></span> <span class='ocrx_word' id='word_1_760' title='bbox 1675 3722 1751 3778; x_wconf 84' lang='lat' dir='ltr'><strong>vobis</strong></span> <span class='ocrx_word' id='word_1_761' title='bbox 1765 3729 1875 3790; x_wconf 89' lang='lat' dir='ltr'><strong>propter</strong></span> 
     </span>
     <span class='ocr_line' id='line_1_86' title="bbox 1084 3811 1873 3896; baseline -0.018 -19"><span class='ocrx_word' id='word_1_762' title='bbox 1084 3831 1176 3895; x_wconf 78' lang='lat' dir='ltr'><strong>typum</strong></span> <span class='ocrx_word' id='word_1_763' title='bbox 1189 3820 1334 3890; x_wconf 76' lang='lat' dir='ltr'><strong>sanguinis.</strong></span> <span class='ocrx_word' id='word_1_764' title='bbox 1351 3819 1414 3874; x_wconf 74' lang='lat' dir='ltr'><strong>llam</strong></span> <span class='ocrx_word' id='word_1_765' title='bbox 1434 3831 1487 3873; x_wconf 93' lang='lat' dir='ltr'><strong>non</strong></span> <span class='ocrx_word' id='word_1_766' title='bbox 1506 3816 1591 3896; x_wconf 67' lang='lat' dir='ltr'><strong>angeli</strong></span> <span class='ocrx_word' id='word_1_767' title='bbox 1605 3830 1684 3870; x_wconf 84' lang='lat' dir='ltr'><strong>carrea</strong></span> <span class='ocrx_word' id='word_1_768' title='bbox 1705 3811 1774 3868; x_wconf 81' lang='lat' dir='ltr'><strong>biota</strong></span> <span class='ocrx_word' id='word_1_769' title='bbox 1794 3821 1873 3878; x_wconf 80' lang='lat' dir='ltr'><strong>stant,</strong></span> 
     </span>
     <span class='ocr_line' id='line_1_87' title="bbox 1083 3903 1873 3984; baseline -0.018 -14"><span class='ocrx_word' id='word_1_770' title='bbox 1083 3913 1129 3970; x_wconf 82' lang='lat' dir='ltr'><strong>sed</strong></span> <span class='ocrx_word' id='word_1_771' title='bbox 1144 3920 1252 3984; x_wconf 88' lang='lat' dir='ltr'><strong>propter</strong></span> <span class='ocrx_word' id='word_1_772' title='bbox 1262 3913 1416 3982; x_wconf 76' lang='lat' dir='ltr'><strong>sauguinem</strong></span> <span class='ocrx_word' id='word_1_773' title='bbox 1430 3910 1474 3979; x_wconf 92' lang='lat' dir='ltr'><strong>qni</strong></span> <span class='ocrx_word' id='word_1_774' title='bbox 1487 3907 1601 3962; x_wconf 81' lang='lat' dir='ltr'><strong>saltavit</strong></span> <span class='ocrx_word' id='word_1_775' title='bbox 1612 3921 1665 3962; x_wconf 89' lang='lat' dir='ltr'><strong>nte.</strong></span> <span class='ocrx_word' id='word_1_776' title='bbox 1688 3905 1780 3960; x_wconf 86' lang='lat' dir='ltr'><strong>Nonae</strong></span> <span class='ocrx_word' id='word_1_777' title='bbox 1802 3903 1873 3958; x_wconf 87' lang='lat' dir='ltr'><strong>enim</strong></span> 
     </span>
     <span class='ocr_line' id='line_1_88' title="bbox 1084 3995 1874 4075; baseline -0.016 -16"><span class='ocrx_word' id='word_1_778' title='bbox 1084 4011 1188 4075; x_wconf 88' lang='lat' dir='ltr'><strong>poterat</strong></span> <span class='ocrx_word' id='word_1_779' title='bbox 1200 4003 1309 4073; x_wconf 78' lang='lat' dir='ltr'><strong>angelus</strong></span> <span class='ocrx_word' id='word_1_780' title='bbox 1322 4000 1462 4071; x_wconf 77' lang='lat' dir='ltr'><strong>AEgyptios</strong></span> <span class='ocrx_word' id='word_1_781' title='bbox 1475 4007 1502 4054; x_wconf 89' lang='lat' dir='ltr'><strong>et</strong></span> <span class='ocrx_word' id='word_1_782' title='bbox 1515 3997 1621 4054; x_wconf 78' lang='lat' dir='ltr'><strong>tadeus</strong></span> <span class='ocrx_word' id='word_1_783' title='bbox 1634 4038 1641 4064; x_wconf 96' lang='lat'><strong>,</strong></span> <span class='ocrx_word' id='word_1_784' title='bbox 1662 4012 1715 4068; x_wconf 89' lang='lat' dir='ltr'><strong>quo</strong></span> <span class='ocrx_word' id='word_1_785' title='bbox 1734 3995 1874 4052; x_wconf 88' lang='lat' dir='ltr'><strong>dillerrcut</strong></span> 
     </span>
     <span class='ocr_line' id='line_1_89' title="bbox 1083 4085 1871 4165; baseline -0.016 -15"><span class='ocrx_word' id='word_1_786' title='bbox 1083 4093 1262 4165; x_wconf 78' lang='lat' dir='ltr'><strong>dignosceret</strong></span> <span class='ocrx_word' id='word_1_787' title='bbox 1287 4092 1332 4163; x_wconf 93' lang='lat' dir='ltr'><strong>qui</strong></span> <span class='ocrx_word' id='word_1_788' title='bbox 1358 4087 1532 4159; x_wconf 72' lang='lat' dir='ltr'><strong>primogenita</strong></span> <span class='ocrx_word' id='word_1_789' title='bbox 1555 4088 1658 4157; x_wconf 73' lang='lat' dir='ltr'><strong>pertinit,</strong></span> <span class='ocrx_word' id='word_1_790' title='bbox 1682 4100 1770 4140; x_wconf 86' lang='lat' dir='ltr'><strong>ttonue</strong></span> <span class='ocrx_word' id='word_1_791' title='bbox 1792 4085 1871 4140; x_wconf 90' lang='lat' dir='ltr'><strong>etiam</strong></span> 
     </span>
     <span class='ocr_line' id='line_1_90' title="bbox 1083 4175 1873 4258; baseline -0.015 -17"><span class='ocrx_word' id='word_1_792' title='bbox 1083 4185 1223 4258; x_wconf 68' lang='lat' dir='ltr'><strong>AEgyptios</strong></span> <span class='ocrx_word' id='word_1_793' title='bbox 1236 4191 1264 4238; x_wconf 92' lang='lat' dir='ltr'><strong>et</strong></span> <span class='ocrx_word' id='word_1_794' title='bbox 1276 4181 1403 4236; x_wconf 80' lang='lat' dir='ltr'><strong>Hebraeos</strong></span> <span class='ocrx_word' id='word_1_795' title='bbox 1416 4186 1518 4250; x_wconf 85' lang='lat' dir='ltr'><strong>poterat</strong></span> <span class='ocrx_word' id='word_1_796' title='bbox 1528 4177 1679 4233; x_wconf 88' lang='lat' dir='ltr'><strong>discernere</strong></span> <span class='ocrx_word' id='word_1_797' title='bbox 1689 4175 1701 4228; x_wconf 83' lang='lat' dir='ltr'><strong>i</strong></span> <span class='ocrx_word' id='word_1_798' title='bbox 1713 4175 1779 4229; x_wconf 89' lang='lat' dir='ltr'><strong>Cum</strong></span> <span class='ocrx_word' id='word_1_799' title='bbox 1793 4175 1873 4245; x_wconf 76' lang='lat' dir='ltr'><strong>igitur</strong></span> 
     </span>
     <span class='ocr_line' id='line_1_91' title="bbox 1083 4265 1872 4339; baseline -0.016 -7"><span class='ocrx_word' id='word_1_800' title='bbox 1083 4287 1110 4332; x_wconf 91' lang='lat' dir='ltr'><strong>tc</strong></span> <span class='ocrx_word' id='word_1_801' title='bbox 1121 4274 1268 4331; x_wconf 84' lang='lat' dir='ltr'><strong>subsannat</strong></span> <span class='ocrx_word' id='word_1_802' title='bbox 1279 4272 1390 4336; x_wconf 87' lang='lat' dir='ltr'><strong>dicens,</strong></span> <span class='ocrx_word' id='word_1_803' title='bbox 1405 4271 1431 4323; x_wconf 94' lang='lat' dir='ltr'><strong>in</strong></span> <span class='ocrx_word' id='word_1_804' title='bbox 1445 4269 1600 4339; x_wconf 78' lang='lat' dir='ltr'><strong>satrgtrincm</strong></span> <span class='ocrx_word' id='word_1_805' title='bbox 1615 4267 1728 4336; x_wconf 82' lang='lat' dir='ltr'><strong>speras?</strong></span> <span class='ocrx_word' id='word_1_806' title='bbox 1740 4265 1783 4320; x_wconf 94' lang='lat' dir='ltr'><strong>dic</strong></span> <span class='ocrx_word' id='word_1_807' title='bbox 1796 4265 1831 4319; x_wconf 92' lang='lat' dir='ltr'><strong>illi</strong></span> <span class='ocrx_word' id='word_1_808' title='bbox 1846 4273 1872 4319; x_wconf 91' lang='lat' dir='ltr'><strong>et</strong></span> 
     </span>
     <span class='ocr_line' id='line_1_92' title="bbox 1083 4357 1872 4429; baseline -0.015 -7"><span class='ocrx_word' id='word_1_809' title='bbox 1083 4374 1111 4422; x_wconf 92' lang='lat' dir='ltr'><strong>tu</strong></span> <span class='ocrx_word' id='word_1_810' title='bbox 1127 4383 1135 4422; x_wconf 84' lang='lat' dir='ltr'><strong>r</strong></span> <span class='ocrx_word' id='word_1_811' title='bbox 1150 4381 1202 4420; x_wconf 93' lang='lat' dir='ltr'><strong>noa</strong></span> <span class='ocrx_word' id='word_1_812' title='bbox 1218 4363 1373 4428; x_wconf 83' lang='lat' dir='ltr'><strong>erubescis,</strong></span> <span class='ocrx_word' id='word_1_813' title='bbox 1389 4360 1550 4429; x_wconf 74' lang='lat' dir='ltr'><strong>impudens?</strong></span> <span class='ocrx_word' id='word_1_814' title='bbox 1572 4372 1599 4412; x_wconf 91' lang='grc' dir='ltr'><strong>ιιι</strong></span> <span class='ocrx_word' id='word_1_815' title='bbox 1620 4359 1645 4412; x_wconf 92' lang='lat' dir='ltr'><strong>in</strong></span> <span class='ocrx_word' id='word_1_816' title='bbox 1668 4357 1796 4427; x_wconf 75' lang='lat' dir='ltr'><strong>sanguine</strong></span> <span class='ocrx_word' id='word_1_817' title='bbox 1815 4357 1872 4410; x_wconf 83' lang='lat' dir='ltr'><strong>ovis</strong></span> 
     </span>
     <span class='ocr_line' id='line_1_93' title="bbox 1081 4448 1872 4526; baseline -0.02 -9"><span class='ocrx_word' id='word_1_818' title='bbox 1081 4461 1262 4524; x_wconf 71' lang='lat' dir='ltr'><strong>salvatores,</strong></span> <span class='ocrx_word' id='word_1_819' title='bbox 1276 4465 1304 4514; x_wconf 91' lang='lat' dir='ltr'><strong>et</strong></span> <span class='ocrx_word' id='word_1_820' title='bbox 1314 4471 1364 4526; x_wconf 74' lang='lat' dir='ltr'><strong>ego</strong></span> <span class='ocrx_word' id='word_1_821' title='bbox 1378 4457 1404 4509; x_wconf 92' lang='lat' dir='ltr'><strong>iu</strong></span> <span class='ocrx_word' id='word_1_822' title='bbox 1418 4453 1546 4522; x_wconf 80' lang='lat' dir='ltr'><strong>saxrguine</strong></span> <span class='ocrx_word' id='word_1_823' title='bbox 1561 4451 1664 4506; x_wconf 85' lang='lat' dir='ltr'><strong>bantini</strong></span> <span class='ocrx_word' id='word_1_824' title='bbox 1687 4465 1739 4504; x_wconf 93' lang='lat' dir='ltr'><strong>non</strong></span> <span class='ocrx_word' id='word_1_825' title='bbox 1759 4448 1872 4503; x_wconf 76' lang='lat' dir='ltr'><strong>salvor?</strong></span> 
     </span>
     <span class='ocr_line' id='line_1_94' title="bbox 1081 4541 1870 4623; baseline -0.023 -11"><span class='ocrx_word' id='word_1_826' title='bbox 1081 4554 1189 4612; x_wconf 77' lang='lat' dir='ltr'><strong>luderis</strong></span> <span class='ocrx_word' id='word_1_827' title='bbox 1203 4551 1282 4623; x_wconf 79' lang='lat' dir='ltr'><strong>igitur</strong></span> <span class='ocrx_word' id='word_1_828' title='bbox 1292 4549 1437 4605; x_wconf 86' lang='lat' dir='ltr'><strong>comedens</strong></span> <span class='ocrx_word' id='word_1_829' title='bbox 1449 4546 1565 4617; x_wconf 76' lang='lat' dir='ltr'><strong>AEgypto</strong></span> <span class='ocrx_word' id='word_1_830' title='bbox 1585 4542 1722 4599; x_wconf 88' lang='lat' dir='ltr'><strong>discedere</strong></span> <span class='ocrx_word' id='word_1_831' title='bbox 1746 4541 1870 4606; x_wconf 81' lang='lat' dir='ltr'><strong>festinat;</strong></span> 
     </span>
     <span class='ocr_line' id='line_1_95' title="bbox 1081 4629 1872 4702; baseline -0.023 0"><span class='ocrx_word' id='word_1_832' title='bbox 1081 4645 1249 4702; x_wconf 84' lang='lat' dir='ltr'><strong>Glrristinnns</strong></span> <span class='ocrx_word' id='word_1_833' title='bbox 1262 4641 1407 4698; x_wconf 87' lang='lat' dir='ltr'><strong>comedens</strong></span> <span class='ocrx_word' id='word_1_834' title='bbox 1422 4638 1519 4692; x_wconf 86' lang='grc' dir='ltr'>ιιιιιιιιιο</span> <span class='ocrx_word' id='word_1_835' title='bbox 1533 4635 1669 4690; x_wconf 85' lang='lat' dir='ltr'><strong>discedere</strong></span> <span class='ocrx_word' id='word_1_836' title='bbox 1690 4633 1806 4689; x_wconf 80' lang='lat' dir='ltr'><strong>festinet.</strong></span> <span class='ocrx_word' id='word_1_837' title='bbox 1827 4629 1872 4686; x_wconf 88' lang='lat' dir='ltr'><strong>Sic</strong></span> 
     </span>
     <span class='ocr_line' id='line_1_96' title="bbox 1081 4723 1870 4801; baseline -0.025 -7"><span class='ocrx_word' id='word_1_838' title='bbox 1081 4739 1152 4796; x_wconf 90' lang='lat' dir='ltr'><strong>enim</strong></span> <span class='ocrx_word' id='word_1_839' title='bbox 1169 4744 1195 4792; x_wconf 88' lang='lat' dir='ltr'><strong>te</strong></span> <span class='ocrx_word' id='word_1_840' title='bbox 1210 4734 1307 4792; x_wconf 83' lang='lat' dir='ltr'><strong>Paulus</strong></span> <span class='ocrx_word' id='word_1_841' title='bbox 1319 4733 1462 4801; x_wconf 90' lang='lat' dir='ltr'><strong>alloquitur</strong></span> <span class='ocrx_word' id='word_1_842' title='bbox 1477 4749 1483 4786; x_wconf 91' lang='lat'>:</span> <span class='ocrx_word' id='word_1_843' title='bbox 1498 4730 1571 4785; x_wconf 88' lang='lat' dir='ltr'><strong>State</strong></span> <span class='ocrx_word' id='word_1_844' title='bbox 1594 4727 1678 4781; x_wconf 90' lang='lat' dir='ltr'><strong>induti</strong></span> <span class='ocrx_word' id='word_1_845' title='bbox 1693 4725 1773 4779; x_wconf 86' lang='lat' dir='ltr'><strong>lorica</strong></span> <span class='ocrx_word' id='word_1_846' title='bbox 1791 4723 1870 4793; x_wconf 78' lang='lat' dir='ltr'><strong>justi-</strong></span> 
     </span>
     <span class='ocr_line' id='line_1_97' title="bbox 1083 4811 1871 4896; baseline -0.027 -11"><span class='ocrx_word' id='word_1_847' title='bbox 1083 4831 1126 4885; x_wconf 88' lang='lat' dir='ltr'><strong>tiae</strong></span> <span class='ocrx_word' id='word_1_848' title='bbox 1139 4870 1146 4895; x_wconf 91' lang='lat'><strong>,</strong></span> <span class='ocrx_word' id='word_1_849' title='bbox 1161 4826 1271 4883; x_wconf 86' lang='lat' dir='ltr'><strong>calceati</strong></span> <span class='ocrx_word' id='word_1_850' title='bbox 1287 4825 1369 4896; x_wconf 84' lang='lat' dir='ltr'><strong>pedes</strong></span> <span class='ocrx_word' id='word_1_851' title='bbox 1389 4824 1414 4876; x_wconf 93' lang='lat' dir='ltr'><strong>in</strong></span> <span class='ocrx_word' id='word_1_852' title='bbox 1436 4818 1627 4891; x_wconf 74' lang='lat' dir='ltr'><strong>preparatione</strong></span> <span class='ocrx_word' id='word_1_853' title='bbox 1648 4811 1871 4886; x_wconf 76' lang='lat' dir='ltr'><strong>exangelii·pacis</strong></span> 
     </span>
     <span class='ocr_line' id='line_1_98' title="bbox 1083 4913 1438 4991; baseline -0.031 -14"><span class='ocrx_word' id='word_1_854' title='bbox 1083 4923 1092 4991; x_wconf 92' lang='grc'><strong>(</strong></span> <span class='ocrx_word' id='word_1_855' title='bbox 1107 4920 1202 4991; x_wconf 82' lang='lat' dir='ltr'><strong>pret.</strong></span> <span class='ocrx_word' id='word_1_856' title='bbox 1218 4917 1244 4974; x_wconf 85' lang='grc'><strong>6.</strong></span> <span class='ocrx_word' id='word_1_857' title='bbox 1260 4917 1304 4972; x_wconf 85' lang='lat' dir='ltr'><strong>lt.</strong></span> <span class='ocrx_word' id='word_1_858' title='bbox 1320 4916 1373 4986; x_wconf 76' lang='lat' dir='ltr'><strong>lo)</strong></span> <span class='ocrx_word' id='word_1_859' title='bbox 1389 4913 1438 4986; x_wconf 84' lang='lat' dir='ltr'><strong>(a).</strong></span> 
     </span>
    </p>

    <p class='ocr_par' dir='ltr' id='par_1_9' title="bbox 1083 4999 1951 5536">
     <span class='ocr_line' id='line_1_99' title="bbox 1118 4999 1951 5072; baseline -0.026 -5"><span class='ocrx_word' id='word_1_860' title='bbox 1118 5013 1173 5068; x_wconf 91' lang='lat' dir='ltr'><strong>lllic</strong></span> <span class='ocrx_word' id='word_1_861' title='bbox 1195 5011 1393 5072; x_wconf 88' lang='lat' dir='ltr'><strong>calceamenta,</strong></span> <span class='ocrx_word' id='word_1_862' title='bbox 1420 5013 1447 5060; x_wconf 93' lang='lat' dir='ltr'><strong>et</strong></span> <span class='ocrx_word' id='word_1_863' title='bbox 1466 5003 1510 5058; x_wconf 88' lang='lat' dir='ltr'><strong>bie</strong></span> <span class='ocrx_word' id='word_1_864' title='bbox 1532 5015 1638 5072; x_wconf 91' lang='lat' dir='ltr'><strong>quoque</strong></span> <span class='ocrx_word' id='word_1_865' title='bbox 1661 4999 1839 5055; x_wconf 88' lang='lat' dir='ltr'><strong>calceamenta</strong></span> <span class='ocrx_word' id='word_1_866' title='bbox 1865 5012 1872 5048; x_wconf 92' lang='lat'>:</span> <span class='ocrx_word' id='word_1_867' title='bbox 1948 5001 1951 5006; x_wconf 85' lang='lat'>·</span> 
     </span>
     <span class='ocr_line' id='line_1_100' title="bbox 1083 5090 1870 5175; baseline -0.023 -16"><span class='ocrx_word' id='word_1_868' title='bbox 1083 5106 1137 5160; x_wconf 90' lang='lat' dir='ltr'><strong>illic</strong></span> <span class='ocrx_word' id='word_1_869' title='bbox 1152 5105 1243 5175; x_wconf 77' lang='lat' dir='ltr'><strong>uirga,</strong></span> <span class='ocrx_word' id='word_1_870' title='bbox 1269 5100 1313 5155; x_wconf 90' lang='lat' dir='ltr'><strong>bic</strong></span> <span class='ocrx_word' id='word_1_871' title='bbox 1328 5099 1423 5154; x_wconf 87' lang='lat' dir='ltr'><strong>thorax</strong></span> <span class='ocrx_word' id='word_1_872' title='bbox 1446 5114 1452 5151; x_wconf 92' lang='lat'>:</span> <span class='ocrx_word' id='word_1_873' title='bbox 1477 5097 1581 5166; x_wconf 80' lang='lat' dir='ltr'><strong>lloyscs</strong></span> <span class='ocrx_word' id='word_1_874' title='bbox 1605 5091 1681 5162; x_wconf 86' lang='lat' dir='ltr'><strong>quasi</strong></span> <span class='ocrx_word' id='word_1_875' title='bbox 1706 5090 1870 5166; x_wconf 69' lang='lat' dir='ltr'><strong>viatoribus,</strong></span> 
     </span>
     <span class='ocr_line' id='line_1_101' title="bbox 1084 5177 1871 5265; baseline -0.027 -14"><span class='ocrx_word' id='word_1_876' title='bbox 1084 5195 1180 5252; x_wconf 86' lang='lat' dir='ltr'><strong>Paulus</strong></span> <span class='ocrx_word' id='word_1_877' title='bbox 1200 5191 1278 5265; x_wconf 87' lang='lat' dir='ltr'><strong>quusi</strong></span> <span class='ocrx_word' id='word_1_878' title='bbox 1300 5190 1429 5246; x_wconf 85' lang='lat' dir='ltr'><strong>militibus</strong></span> <span class='ocrx_word' id='word_1_879' title='bbox 1452 5184 1647 5258; x_wconf 74' lang='lat' dir='ltr'><strong>precipiebat:</strong></span> <span class='ocrx_word' id='word_1_880' title='bbox 1673 5181 1740 5236; x_wconf 91' lang='lat' dir='ltr'><strong>illia</strong></span> <span class='ocrx_word' id='word_1_881' title='bbox 1759 5187 1829 5233; x_wconf 86' lang='lat' dir='ltr'><strong>terra</strong></span> <span class='ocrx_word' id='word_1_882' title='bbox 1846 5177 1871 5230; x_wconf 93' lang='lat' dir='ltr'><strong>iu</strong></span> 
     </span>
     <span class='ocr_line' id='line_1_102' title="bbox 1084 5269 1872 5352; baseline -0.013 -6"><span class='ocrx_word' id='word_1_883' title='bbox 1084 5299 1196 5352; x_wconf 90' lang='lat' dir='ltr'><strong>terram,</strong></span> <span class='ocrx_word' id='word_1_884' title='bbox 1209 5296 1237 5342; x_wconf 92' lang='lat' dir='ltr'><strong>et</strong></span> <span class='ocrx_word' id='word_1_885' title='bbox 1249 5284 1311 5341; x_wconf 90' lang='lat' dir='ltr'><strong>ideo</strong></span> <span class='ocrx_word' id='word_1_886' title='bbox 1324 5285 1460 5346; x_wconf 85' lang='lat' dir='ltr'><strong>tiatoree;</strong></span> <span class='ocrx_word' id='word_1_887' title='bbox 1477 5293 1527 5348; x_wconf 79' lang='lat' dir='ltr'><strong>ega</strong></span> <span class='ocrx_word' id='word_1_888' title='bbox 1543 5293 1556 5329; x_wconf 88' lang='lat' dir='ltr'><strong>a</strong></span> <span class='ocrx_word' id='word_1_889' title='bbox 1571 5275 1681 5330; x_wconf 88' lang='lat' dir='ltr'><strong>terrain</strong></span> <span class='ocrx_word' id='word_1_890' title='bbox 1695 5272 1801 5336; x_wconf 72' lang='lat' dir='ltr'><strong>celiam,</strong></span> <span class='ocrx_word' id='word_1_891' title='bbox 1812 5269 1872 5324; x_wconf 66' lang='lat'><strong>¹⁶0⁰</strong></span> 
     </span>
     <span class='ocr_line' id='line_1_103' title="bbox 1084 5362 1872 5448; baseline -0.024 -14"><span class='ocrx_word' id='word_1_892' title='bbox 1084 5379 1162 5435; x_wconf 80' lang='lat' dir='ltr'><strong>rutiles</strong></span> <span class='ocrx_word' id='word_1_893' title='bbox 1177 5396 1184 5434; x_wconf 82' lang='lat' dir='ltr'><strong>r</strong></span> <span class='ocrx_word' id='word_1_894' title='bbox 1199 5391 1283 5448; x_wconf 88' lang='lat' dir='ltr'><strong>quaro</strong></span> <span class='ocrx_word' id='word_1_895' title='bbox 1293 5377 1305 5430; x_wconf 86' lang='lat' dir='ltr'><strong>l</strong></span> <span class='ocrx_word' id='word_1_896' title='bbox 1317 5374 1448 5442; x_wconf 81' lang='lat' dir='ltr'><strong>Quoniam</strong></span> <span class='ocrx_word' id='word_1_897' title='bbox 1462 5372 1502 5424; x_wconf 87' lang='lat' dir='ltr'><strong>via</strong></span> <span class='ocrx_word' id='word_1_898' title='bbox 1523 5385 1580 5424; x_wconf 92' lang='lat' dir='ltr'><strong>mca</strong></span> <span class='ocrx_word' id='word_1_899' title='bbox 1597 5383 1644 5436; x_wconf 88' lang='lat' dir='ltr'><strong>per</strong></span> <span class='ocrx_word' id='word_1_900' title='bbox 1657 5381 1746 5421; x_wconf 88' lang='lat' dir='ltr'><strong>aerem</strong></span> <span class='ocrx_word' id='word_1_901' title='bbox 1766 5362 1872 5418; x_wconf 87' lang='lat' dir='ltr'><strong>iatroci-</strong></span> 
     </span>
     <span class='ocr_line' id='line_1_104' title="bbox 1084 5453 1872 5536; baseline -0.03 -6"><span class='ocrx_word' id='word_1_902' title='bbox 1084 5474 1135 5531; x_wconf 91' lang='lat' dir='ltr'><strong>niis</strong></span> <span class='ocrx_word' id='word_1_903' title='bbox 1147 5471 1285 5530; x_wconf 78' lang='lat' dir='ltr'><strong>infestatur</strong></span> <span class='ocrx_word' id='word_1_904' title='bbox 1297 5511 1306 5536; x_wconf 87' lang='lat'><strong>,</strong></span> <span class='ocrx_word' id='word_1_905' title='bbox 1318 5469 1453 5524; x_wconf 76' lang='lat' dir='ltr'><strong>dementes</strong></span> <span class='ocrx_word' id='word_1_906' title='bbox 1476 5462 1542 5517; x_wconf 86' lang='lat' dir='ltr'><strong>milri</strong></span> <span class='ocrx_word' id='word_1_907' title='bbox 1560 5467 1713 5516; x_wconf 85' lang='lat' dir='ltr'><strong>occurrunt.</strong></span> <span class='ocrx_word' id='word_1_908' title='bbox 1728 5456 1791 5518; x_wconf 87' lang='lat' dir='ltr'><strong>idco</strong></span> <span class='ocrx_word' id='word_1_909' title='bbox 1805 5453 1872 5508; x_wconf 88' lang='lat' dir='ltr'><strong>lidtt·</strong></span> 
     </span>
    </p>
   </div>
   <div class='ocr_carea' id='block_1_8' title="bbox 1085 5586 1873 5728">
    <p class='ocr_par' dir='ltr' id='par_1_10' title="bbox 1085 5586 1873 5728">
     <span class='ocr_line' id='line_1_105' title="bbox 1115 5586 1873 5671; baseline -0.028 -13"><span class='ocrx_word' id='word_1_910' title='bbox 1115 5607 1152 5671; x_wconf 79' lang='grc' dir='ltr'>(ιι)</span> <span class='ocrx_word' id='word_1_911' title='bbox 1163 5601 1288 5660; x_wconf 80' lang='lat' dir='ltr'><strong>tticlotats,</strong></span> <span class='ocrx_word' id='word_1_912' title='bbox 1299 5613 1313 5650; x_wconf 87' lang='lat' dir='ltr'><strong>a</strong></span> <span class='ocrx_word' id='word_1_913' title='bbox 1325 5611 1394 5658; x_wconf 86' lang='lat' dir='ltr'><strong>rece,</strong></span> <span class='ocrx_word' id='word_1_914' title='bbox 1405 5607 1501 5650; x_wconf 76' lang='lat' dir='ltr'><strong>moetat</strong></span> <span class='ocrx_word' id='word_1_915' title='bbox 1511 5601 1555 5652; x_wconf 80' lang='lat' dir='ltr'><strong>est,</strong></span> <span class='ocrx_word' id='word_1_916' title='bbox 1566 5593 1688 5668; x_wconf 66' lang='lat' dir='ltr'><strong>adrerba,</strong></span> <span class='ocrx_word' id='word_1_917' title='bbox 1702 5586 1824 5664; x_wconf 65' lang='lat' dir='ltr'><strong>uumtpett&#39;r]</strong></span> <span class='ocrx_word' id='word_1_918' title='bbox 1833 5601 1873 5650; x_wconf 80' lang='lat' dir='ltr'><strong>pu·</strong></span> 
     </span>
     <span class='ocr_line' id='line_1_106' title="bbox 1085 5649 1872 5728; baseline -0.032 -5"><span class='ocrx_word' id='word_1_919' title='bbox 1085 5669 1155 5728; x_wconf 69' lang='lat' dir='ltr'><strong>eina</strong></span> <span class='ocrx_word' id='word_1_920' title='bbox 1172 5663 1266 5718; x_wconf 75' lang='lat' dir='ltr'><strong>amtor.</strong></span> <span class='ocrx_word' id='word_1_921' title='bbox 1278 5663 1381 5712; x_wconf 81' lang='lat' dir='ltr'><strong>omissus</strong></span> <span class='ocrx_word' id='word_1_922' title='bbox 1403 5663 1442 5710; x_wconf 88' lang='lat' dir='ltr'><strong>est</strong></span> <span class='ocrx_word' id='word_1_923' title='bbox 1452 5664 1478 5710; x_wconf 88' lang='lat' dir='ltr'><strong>et</strong></span> <span class='ocrx_word' id='word_1_924' title='bbox 1491 5671 1522 5708; x_wconf 85' lang='lat' dir='ltr'><strong>ex</strong></span> <span class='ocrx_word' id='word_1_925' title='bbox 1535 5663 1623 5718; x_wconf 83' lang='lat' dir='ltr'><strong>opuiuo</strong></span> <span class='ocrx_word' id='word_1_926' title='bbox 1633 5654 1720 5705; x_wconf 83' lang='lat' dir='ltr'><strong>codice</strong></span> <span class='ocrx_word' id='word_1_927' title='bbox 1730 5649 1872 5702; x_wconf 72' lang='lat' dir='ltr'><strong>cerdaniam</strong></span> 
     </span>
    </p>
   </div>
   <div class='ocr_carea' id='block_1_9' title="bbox 1085 5733 1234 5793">
    <p class='ocr_par' dir='ltr' id='par_1_11' title="bbox 1085 5733 1234 5793">
     <span class='ocr_line' id='line_1_107' title="bbox 1085 5733 1234 5793; baseline -0.054 -11"><span class='ocrx_word' id='word_1_928' title='bbox 1085 5733 1234 5793; x_wconf 81' lang='lat' dir='ltr'><strong>desumptus.</strong></span> 
     </span>
    </p>
   </div>
   <div class='ocr_carea' id='block_1_10' title="bbox 0 0 2076 6342">
    <p class='ocr_par' dir='ltr' id='par_1_12' title="bbox 0 0 2076 6342">
     <span class='ocr_line' id='line_1_108' title="bbox 0 0 2076 6342; baseline 0 1"><span class='ocrx_word' id='word_1_929' title='bbox 0 0 2076 6342; x_wconf 95' lang='lat' dir='ltr'><strong> </strong></span> 
     </span>
    </p>
   </div>
  </div>
 </body>
</html>
