4142 6342
295 335 348 394 ait
668 333 698 391 S.
716 294 1100 390 tutuutsctttttsustutu
1118 330 1278 390 tucatur.
1296 328 1553 389 consuluimus
1729 307 1732 311 ι
1882 330 1937 392 ait

298 446 444 519 parabola,
469 445 514 517 qui
535 450 590 501 tres
604 456 686 515 panes
704 444 829 515 petebat,
853 446 951 516 quique
966 457 1019 501 non
1034 454 1090 501 tam
1142 452 1238 500 cuncta
1251 458 1312 515 qnae
1329 442 1356 499 in
1369 458 1425 499 rcrn
1440 451 1559 499 nostram
1571 441 1671 501 luerint
1681 441 1871 501 obtinebimus.
1884 442 1934 500 lle

298 549 409 613 propter
432 538 593 607 amicitiam,
614 552 694 609 quam
716 547 826 611 propter
846 539 1027 595 assiduiutem
1042 538 1090 594 ob-
1142 535 1240 607 nignus
1251 535 1323 591 enim
1337 535 1436 608 estqui
1449 535 1581 607 largitur,
1595 532 1725 593 necadad
1736 550 1787 591 nos
1798 534 1935 591 desidera-

297 634 387 691 tinnit.
400 632 501 688 ilorum
513 632 695 704 unnsquisque
709 632 730 688 si
743 624 864 699 dixisset,
878 632 1006 689 Peccator
1017 648 1089 701 sum,
1142 628 1352 701 mnsaocipere,
1372 638 1405 685 nt
1420 628 1556 686 desiderat
1576 629 1622 686 ille
1646 628 1748 701 largiri.
1769 628 1835 685 linc
1855 628 1935 701 igitar

297 732 327 783 et
344 725 446 797 pudore
468 722 593 793 subrasus,
616 732 644 779 et
665 723 764 781 idcirco
783 724 911 780 accedere
926 739 978 780 non
991 724 1087 791 debeo,
1142 723 1231 780 omnia
1244 736 1307 779 curn
1320 722 1445 789 sciamus,
1460 722 1522 779 licet
1542 722 1569 778 iu
1587 720 1707 779 indmum
1727 720 1855 792 ammae
1869 736 1935 793 pro·

297 818 364 874 nihii
383 817 571 890 promovisset.
594 816 768 888 Atquoniam
788 816 892 872 iliorum
905 816 1016 887 quisque
1035 830 1090 873 non
1142 814 1833 887 lundumsimusderulnd,nesicquidemdesaluto
1845 822 1937 871 nostra

297 912 331 966 ad
351 918 519 981 peccatorum
534 922 643 965 suornm
661 910 779 980 respexit
791 908 1019 979 magnitudinem,
1042 906 1090 963 sed
1142 909 1330 979 desperamus,
1356 907 1405 965 sod
1430 908 1501 965 bona
1524 906 1607 963 etiam
1623 922 1686 963 cum
1701 921 1749 979 spe
1765 906 1937 975 accedamus,

297 1004 331 1061 ad
346 1004 453 1062 diuitias
465 1004 634 1076 benignitatis
649 1002 816 1079 licildphea.
832 1000 1090 1074 stagnantium
1141 1002 1272 1074 nobisque
1285 1001 1493 1074 persuadeamus
1504 1001 1616 1057 omnino
1633 999 1708 1066 loro,
1730 1011 1761 1057 nt
1780 1000 1852 1072 quod
1868 1002 1939 1073 peti·

297 1106 325 1155 ct
342 1097 428 1153 audax
439 1096 502 1162 luit,
515 1106 542 1153 et
556 1096 677 1168 quamuis
688 1102 811 1167 peccator
823 1104 921 1166 practer
932 1094 1089 1165 dignitatem
1141 1110 1203 1151 mus
1221 1110 1416 1167 assequamur,
1431 1094 1456 1150 si
1474 1109 1510 1151 ex
1531 1087 1689 1166 pracs'cripto
1703 1095 1820 1151 latarum
1830 1094 1865 1151 ab
1876 1094 1938 1166 ipso

298 1204 373 1245 stram
388 1188 542 1261 postularit,
558 1196 584 1243 et
598 1202 657 1259 quae
671 1188 754 1243 voluit
766 1186 1011 1259 quisqueperleait.
1026 1186 1090 1243 linc
1142 1186 1231 1258 legum
1255 1194 1387 1259 petamm.
1412 1184 1480 1241 Eam
1494 1187 1539 1260 qai
1558 1196 1638 1259 pateat
1651 1186 1737 1243 arnoia
1750 1190 1835 1260 facere
1847 1203 1940 1259 sopr-

297 1281 379 1353 igitur
390 1280 478 1337 omnia
490 1292 580 1336 mente
591 1294 748 1347 tumemus,
763 1286 791 1335 et
800 1278 907 1334 assidue
920 1292 1013 1349 praees
1028 1277 1097 1333 lun-.
1141 1279 1316 1347 abundanter,
1339 1295 1415 1350 qaam
1436 1280 1561 1352 petimur,
1581 1288 1627 1333 aut
1646 1278 1812 1351 intelligimus
1822 1276 1937 1352 (Epist.

297 1374 411 1441 damus,
424 1373 534 1445 vigiles,
550 1371 713 1429 conlidentes
725 1413 732 1435 ,
744 1371 823 1427 bonas
836 1372 893 1445 spei
909 1371 990 1441 pleni,
1005 1371 1090 1427 multo
1141 1370 1169 1427 b.
1181 1370 1246 1444 ati),
1272 1369 1419 1437 Christum,
1438 1371 1559 1428 omniurn
1578 1370 1696 1442 Regem,
1716 1370 1802 1427 mum
1816 1379 1941 1428 nostmm

298 1479 359 1523 cum
374 1463 472 1521 studio.
488 1463 594 1532 Quanto
609 1478 671 1519 curn
690 1462 779 1518 studia
788 1463 880 1518 anteri
894 1461 1023 1518 aduersos
1036 1462 1090 1518 ini·
1141 1464 1219 1522 decet
1230 1466 1318 1521 omnis
1331 1465 1426 1537 gloria,
1440 1465 1526 1522 bonor
1537 1474 1565 1523 et
1575 1464 1708 1533 adoratio,
1719 1480 1774 1521 nna
1785 1480 1848 1521 corn
1857 1465 1940 1523 Patre

297 1558 382 1614 micus
396 1571 490 1629 preces
501 1554 632 1624 lundrtnt,
647 1563 720 1611 tanto
731 1569 791 1610 cum
805 1553 894 1610 studio
915 1568 965 1610 nos
975 1566 1024 1623 pro
1039 1553 1091 1608 ini·
1142 1555 1210 1613 initii
1223 1566 1342 1628 experte,
1351 1573 1383 1613 ac
1392 1558 1561 1616 semanimo
1572 1558 1730 1631 viriumque
1738 1558 1850 1629 Spiritu,
1861 1572 1936 1614 nnnc

297 1648 376 1705 micis
389 1656 418 1704 et
431 1663 479 1719 pro
499 1646 623 1704 iratribus
642 1661 736 1719 preces
755 1645 913 1713 tundamus,
936 1656 964 1702 et
977 1645 1089 1703 omnino
1142 1656 1170 1705 et
1183 1662 1303 1719 semper,
1316 1657 1345 1706 et
1364 1649 1391 1705 in
1404 1650 1502 1707 sucula
1515 1650 1687 1707 seculorum.
1699 1651 1796 1708 Amen.

898 1926 1334 2067 ΜΟΗΗἮΜ

861 2120 915 2183 ΑΙ)
936 2120 1146 2185 notatum
1166 2122 1208 2185 ΙΝ
1228 2120 1360 2197 tubum

891 2290 897 2307 ·
918 2265 953 2322 tit
971 2265 1100 2325 themu
1118 2266 1154 2325 tu
1168 2268 1312 2326 hastili.

332 2406 407 2464 Hanc
421 2407 578 2463 concionem
592 2412 652 2477 post
663 2410 796 2475 peractam
808 2400 950 2458 lectionem
960 2402 1090 2473 Epistulae
1112 2394 1123 2417 ⁸
1141 2410 1250 2473 paratos
1271 2400 1466 2473 meditatusque
1489 2400 1613 2469 ranisso;
1636 2416 1724 2473 exque
1738 2410 1818 2475 motu
1830 2412 1859 2461 ct
1872 2418 1941 2461 con·

295 2500 328 2555 ad
340 2498 446 2557 Galatas
460 2499 609 2556 Antiochia
631 2497 723 2553 habuit
740 2495 955 2569 chrysostomus.
981 2494 1089 2551 lleritus
1142 2503 1223 2550 rento
1237 2494 1307 2551 inter
1316 2492 1410 2551 antbos
1425 2492 1500 2562 inito,
1510 2494 1768 2566 camseagentibus
1778 2510 1939 2567 segregasse
1968 2515 1975 2527 ·

295 2592 367 2648 enim
381 2608 416 2648 ne
435 2592 556 2660 tantilla,
576 2606 636 2662 qum
656 2588 700 2645 hie
715 2597 826 2662 apparet
848 2588 918 2645 inter
935 2586 1044 2643 Petrum
1061 2595 1089 2643 et
1126 2587 1266 2652 deiram,
1291 2600 1325 2642 ne
1345 2586 1372 2641 in
1394 2584 1549 2642 ludaeomm
1570 2585 1747 2643 offensionem
1767 2587 1936 2657 incurreret;

294 2684 404 2741 Paulum
418 2684 554 2752 Ecclesiae,
566 2684 603 2740 ait
615 2682 669 2749 illc,
681 2682 818 2738 columnas
827 2679 970 2747 dissensio,
982 2679 1088 2749 piorum
1141 2686 1197 2733 tum
1208 2677 1351 2733 Paalnmei
1362 2676 1389 2733 in
1400 2676 1496 2733 laciem
1506 2678 1647 2746 restitimc,
1662 2679 1709 2735 illo
1716 2693 1770 2736 non
1776 2678 1938 2747 reluctante,

209 2768 217 2781 '
294 2775 397 2832 animos
412 2775 611 2840 interturbaret,
627 2772 704 2844 longa
718 2772 805 2828 locum
819 2770 894 2826 illurn
907 2770 1027 2827 oratione
1040 2784 1090 2826 ex·
1139 2770 1202 2840 quta
1215 2768 1399 2825 anrborumea
1414 2782 1490 2825 meris
1504 2780 1571 2837 erat,
1587 2770 1937 2845 utiegisjagumgentibns

225 2892 232 2899 ·
294 2867 403 2937 planare
416 2868 516 2924 nititur.
542 2866 630 2922 llultis
649 2866 739 2921 statim
761 2863 894 2935 explicat,
912 2860 1089 2934 quanta'hinc
1140 2877 1194 2919 non
1205 2862 1398 2934 imponeretur.
1411 2863 1545 2920 Catemm
1558 2860 1741 2937 chrysostomi
1751 2867 1859 2936 opinio,
1875 2883 1938 2939 qaae

292 2959 464 3016 incommoda
478 2967 643 3030 sequantur,
659 2956 683 3012 si
697 2970 761 3013 rere
773 2964 801 3011 et
812 2952 970 3026 objurgandi
985 2952 1086 3021 animo,
1139 2956 1175 3013 ab
1183 2957 1299 3027 llrigene
1308 2971 1434 3013 manases
1442 2956 1580 3025 creditur,
1594 2956 1629 3011 ab
1640 2957 1805 3031 hieronymo
1816 2960 1935 3031 primum

294 3049 416 3121 piurimis
429 3049 621 3119 presentibus,
637 3048 818 3119 apostolorum
831 3044 1002 3117 coryphaeum
1018 3042 1088 3099 Pau·
1139 3057 1323 3119 propugnata,
1352 3047 1387 3103 ab
1409 3048 1558 3120 Augustino
1580 3046 1693 3105 reiutata
1714 3058 1773 3119 cst,
1797 3059 1937 3109 asserente

294 3143 337 3199 lus
350 3143 385 3199 sit
405 3142 524 3199 adortus.
548 3142 616 3199 ilinc
629 3141 775 3198 duascirca
789 3140 860 3197 hunc
875 3140 962 3196 locum
979 3147 1084 3195 sentcn-
1135 3155 1296 3199 aeramnae
1312 3140 1464 3199 simulatam
1487 3140 1571 3200 luisse
1590 3140 1666 3199 Paridi
1683 3143 1933 3215 reprehensionem,

294 3236 346 3291 tias
364 3236 469 3308 aperit,
490 3235 635 3308 statimque
657 3233 754 3293 rolant
774 3250 781 3289 a
806 3246 919 3307 quarum
932 3230 1011 3305 prior
1031 3243 1084 3301 est,
1140 3236 1176 3295 ita
1191 3247 1220 3293 ut
1234 3235 1292 3305 ejus
1309 3240 1476 3309 argumentis
1488 3238 1598 3297 cederet
1614 3238 1656 3295 rei
1674 3238 1733 3311 ipse
1743 3240 1934 3312 ilierooymns.

293 3326 402 3384 Petrum
418 3327 515 3400 dequo
528 3327 572 3385 hic
584 3328 685 3399 agitur,
711 3342 764 3383 non
779 3328 961 3397 apostolarum
983 3325 1087 3397 princi·
1138 3331 1303 3389 Nondesunt
1315 3341 1421 3398 tamen,
1440 3330 1486 3402 qui
1497 3331 1614 3401 priorem
1622 3333 1795 3400 sententiam,
1806 3348 1868 3403 qoae
1881 3332 1936 3389 Pe·

294 3432 371 3486 pern,
400 3418 447 3473 sed
468 3418 550 3474 alium
570 3432 632 3474 esse
652 3418 836 3489 cognominem
860 3416 971 3473 :altera
992 3431 1086 3472 reram
1141 3433 1210 3480 rrum
1222 3423 1257 3479 ah
1274 3422 1489 3494 aposmloalium
1501 3423 1616 3487 asserit,
1632 3424 1740 3495 necqni
1754 3423 1933 3493 posteriorem

294 3509 388 3564 statuit
409 3524 469 3563 esse
494 3509 750 3581 reprehensionem,
772 3510 958 3566 rrecsimulate
977 3508 1085 3565 iactam.
1139 3516 1362 3591 achrysostomo
1372 3526 1564 3589 propugnatum
1578 3516 1711 3589 hodieque
1722 3517 1877 3574 delendam.

203 3636 207 3644 -
294 3600 396 3656 Deinde
408 3615 472 3655 rcro
485 3615 559 3657 suam
569 3601 669 3671 prulert
678 3602 722 3657 ille
734 3601 903 3672 opinionenr;
917 3615 1013 3674 nempe
1022 3616 1088 3673 apo
1176 3608 1361 3680 interpretatio
1373 3608 1469 3666 Latina
1483 3617 1528 3665 eat
1539 3608 1683 3665 Frontonis
1697 3609 1798 3665 bocai-

294 3690 377 3747 stolus
390 3690 498 3749 Petrum
511 3700 538 3747 et
553 3692 663 3749 Paulum
677 3693 710 3750 ad
721 3692 790 3749 hanc
804 3692 873 3764 piam
887 3693 1085 3750 simulationem

293 3918 358 3963 cuit
373 3920 406 3963 tn
427 3920 801 3966 rnncsnnnt'tcubbncna
817 3921 850 3966 itt
867 3922 949 3966 nota
972 3922 1120 3966 nccussu
1140 3920 1207 3965 GU!
1228 3918 1376 3964 nrtscoro
1398 3918 1592 3966 CONVBNTUU
1605 3920 1832 3979 cutnutttstttsr,
1846 3923 1935 3970 EUM}

331 4018 504 4065 SERMONEM
538 4022 659 4065 mauult*
679 4021 712 4065 itt
733 4022 850 4068 VETERI
872 4022 1017 4067 ncctnsta
1040 4022 1073 4065 tit
1094 4020 1179 4065 HUNC
1209 4020 1315 4065 LOCUH
1341 4019 1492 4065 arestosi
1512 4023 1519 4064 i
1543 4021 1609 4065 CUM
1636 4022 1787 4069 VENISSET
1813 4022 1933 4070 PBTRUS
2032 4017 2033 4030 ¹

330 4120 540 4177 annrocnmu,
563 4122 595 4165 m
617 4122 736 4167 sacrant
759 4123 789 4167 nr
812 4124 936 4167 nssmrr
960 4102 1056 4186 (Gal.
1069 4104 1101 4164 b.
1116 4104 1150 4195 ¹.¹
1168 4104 1178 4183 )
1195 4125 1203 4165 :
1219 4122 1259 4165 nn
1276 4120 1432 4165 osannam
1453 4121 1495 4164 na
1516 4122 1586 4175 qun
1606 4123 1675 4168 nun
1695 4124 1847 4182 rinnann,
1869 4126 1933 4171 nos

331 4221 351 4262 a
386 4218 573 4267 conanimis
608 4222 730 4269 snunns
760 4224 1039 4292 rnonncrsxnssn,
1076 4223 1186 4270 runnu
1221 4224 1263 4267 nx
1284 4222 1384 4268 naono
1417 4222 1583 4270 conturna
1615 4226 1657 4270 nr
1677 4226 1739 4271 run
1766 4228 1934 4276 nrsrnnsa-

332 4320 453 4367 atounu
476 4302 531 4375 iol.

983 4448 1246 4507 -Ov-

318 4588 353 4649 l.
370 4593 456 4651 linum
477 4610 493 4653 a
512 4595 590 4653 robis
609 4594 684 4655 abiui
704 4596 793 4664 diem,
819 4605 847 4652 et
872 4594 983 4669 perinde
1007 4597 1085 4669 quasi
1138 4592 1165 4649 id
1181 4590 1246 4648 mihi
1261 4592 1405 4664 accideret,
1420 4603 1448 4651 et
1461 4603 1621 4667 conceptum
1635 4610 1668 4653 cx
1684 4597 1854 4669 separatione
1865 4613 1934 4655 mm-

289 4698 360 4741 anno
383 4685 486 4761 integro
507 4696 674 4759 separatura
695 4687 772 4745 vobis
794 4688 922 4755 inissem,
941 4687 978 4744 ita
999 4687 1084 4745 tristis
1135 4700 1225 4741 rorem
1234 4685 1392 4744 obedientiae
1404 4687 1542 4759 praemium
1554 4689 1731 4761 abstergebat.
1741 4692 1790 4748 Est
1798 4692 1870 4750 cuim
1879 4692 1935 4753 bac

276 4786 457 4849 moestusque
478 4780 621 4851 permansi.
644 4780 731 4852 litque
746 4780 803 4836 hnc
821 4795 884 4837 ocra
895 4794 975 4848 csse,
999 4796 1035 4835 ex
1050 4780 1083 4837 iis
1136 4783 1201 4839 mihi
1212 4783 1255 4840 rel
1272 4783 1369 4857 quovis
1390 4782 1539 4842 diademate
1554 4785 1705 4856 illustrius,
1720 4796 1747 4845 et
1759 4802 1860 4846 cornua
1872 4789 1933 4861 glo-

288 4886 348 4942 quae
365 4870 441 4929 robis
455 4870 626 4939 acciderunt,
643 4870 693 4944 ipsi
709 4873 878 4943 cognoscitis.
908 4872 944 4929 Ut
955 4874 1027 4929 etaim
1040 4873 1081 4929 la·
1135 4873 1253 4943 riosius,
1270 4874 1368 4947 ubique
1386 4891 1447 4932 cum
1465 4876 1585 4948 genitore
1597 4878 1783 4949 peregrinari:
1801 4879 1855 4936 hoc
1867 4880 1934 4937 mihi

288 4970 364 5019 ctens
379 4962 507 5034 puerulus
519 4978 535 5019 a
548 4962 676 5019 maternis
700 4964 810 5021 avulsus
830 4964 957 5021 uberibus
973 4966 1000 5033 ¹,
1015 4982 1083 5038 quo·
1134 4976 1244 5023 ornatus
1258 4977 1309 5033 est,
1322 4977 1351 5025 et
1372 4970 1501 5027 securitas
1517 4989 1524 5025 :
1538 4980 1648 5027 ornatus
1658 4972 1787 5045 quidem,
1803 4974 1877 5046 qnod
1893 4976 1934 5031 sic

284 5054 404 5126 'cumque
420 5054 671 5112 tandemabductus
685 5055 773 5125 luerit,
787 5057 926 5115 crabrone
940 5058 1082 5117 huciiluc·
1135 5073 1196 5114 cunr
1210 5059 1400 5131 manciparim,
1418 5069 1445 5118 et
1458 5060 1624 5120 adunarem
1645 5078 1737 5121 meum
1760 5065 1931 5136 pellexerim,

288 5162 341 5218 que
353 5148 498 5215 convertit,
514 5155 543 5203 et
552 5157 664 5205 matrem
675 5162 751 5205 suam
764 5148 943 5222 circumspicit
960 5152 1017 5207 :sic
1031 5166 1081 5224 ego
1135 5158 1164 5204 ut
1176 5151 1373 5222 nusquamsine
1384 5152 1649 5227 hliorelitapparcre
1663 5174 1670 5211 :
1684 5157 1817 5215 securitas
1827 5168 1932 5226 autem,

286 5251 394 5309 quoque
415 5238 509 5309 procul
530 5254 546 5295 a
568 5248 691 5299 materno
712 5242 772 5298 sinu
797 5243 958 5311 translatus,
984 5245 1080 5301 crebro
1134 5242 1272 5314 quoddam
1282 5254 1439 5316 praesentem
1449 5246 1933 5320 intuetnratquecertautem,omnino

286 5328 553 5401 circumspiciebam,
580 5345 609 5389 et
633 5333 809 5407 undequaque
830 5351 936 5393 sacram
961 5347 1080 5394 restrum
1134 5336 1332 5392 suammetiam
1347 5352 1456 5409 precum
1470 5339 1597 5396 auxilium
1612 5341 1690 5399 nobis
1704 5343 1870 5415 suppeditet.
1898 5344 1932 5403 tn

286 5420 358 5477 bunc
372 5430 471 5479 coetntn
483 5424 661 5495 requirebam.
689 5424 742 5485 Sed
755 5442 787 5483 ea
800 5443 844 5485 me
854 5443 898 5485 res
911 5438 999 5487 umen
1014 5429 1080 5485 satis
1134 5428 1358 5500 quemadmodum
1371 5447 1468 5489 narem
1482 5433 1668 5505 gubernatoris
1688 5450 1802 5505 uranus,
1825 5437 1928 5505 marus,

184 5550 193 5563 .
286 5512 484 5583 consolabatur,
500 5515 571 5587 qnod
586 5517 650 5574 darn
663 5519 848 5578 amantissimo
861 5522 929 5593 patri
944 5538 1077 5594 parerem,
1135 5529 1163 5576 cl
1179 5521 1288 5594 zephyri
1302 5522 1380 5579 llatus
1392 5524 1425 5580 ad
1439 5534 1544 5596 portum
1562 5542 1659 5583 semro
1672 5525 1808 5585 deducunt
1825 5546 1833 5583 a
1849 5527 1931 5585 sicet

1134 5614 1212 5686 liuius
1233 5617 1437 5686 benevolentia,
1467 5636 1528 5676 cum
1555 5621 1655 5677 auxilio
1677 5638 1804 5693 precum,
1832 5622 1931 5679 meiius

286 5734 299 5783 4
330 5678 355 5739 α)
378 5676 466 5729 ⁰⁰¹¹³¹²
483 5690 537 5729 ΜΠ]
553 5686 606 5731 ⁸¹⁹⁸·
623 5681 777 5745 ΨΜ
795 5682 978 5735 ⁶²⁰⁰¹b⁹s²¹¹¹¹⁵
991 5683 1039 5737 ⁹⁷⁰
1055 5692 1081 5739 ⁰¹
1133 5724 1212 5781 quam
1225 5712 1399 5785 acplryraset
1416 5714 1582 5786 gubernator
1601 5716 1671 5772 ullos
1694 5724 1740 5771 aot
1758 5716 1930 5788 gubernacu-

320 5797 329 5831 a
348 5772 412 5849 uatus
424 5806 487 5862 tusc,
502 5802 806 5865 apannmmmnmtua.
1133 5801 1207 5872 lum,
1229 5806 1374 5868 orationem
1397 5816 1515 5872 nostram
1537 5807 1635 5888 dirigit.
1663 5808 1705 5867 lile
1719 5825 1783 5867 vero
1794 5820 1926 5883 praetcrea
