4142 6342
296 339 348 400 ddi
649 344 678 403 S.
695 339 836 403 rosulis
854 335 1091 400 CHRYSOSTOM
1110 335 1270 400 suuntur.
1290 339 1563 402 consummor.
1888 347 1937 410 dds

297 461 370 536 good
379 477 434 519 non
447 470 489 519 est
502 458 740 531 reprehendentis,
753 457 802 516 sed
813 457 936 515 docentis
949 457 1090 512 reconsu-
1144 457 1225 514 rebus
1239 457 1303 530 ipsis
1316 457 1486 525 ostenderet,
1502 455 1586 513 ludaei
1599 454 1808 514 admonitionem
1819 451 1939 530 ac'cipere

247 612 252 622 ,
297 557 389 616 lentis.
403 559 512 624 Verum,
526 555 886 628 utdicebem,siuuidem,
900 554 1092 613 utiniudmos
1144 548 1461 622 rideanturll’ropterea
1473 549 1558 606 dicit:
1574 549 1675 606 Tiarear
1686 551 1938 622 mandarimu-

298 649 488 716 lnreberetur,
503 648 563 706 bac
574 647 696 717 diceret,
709 657 799 705 actum
812 657 902 715 esset,
917 663 950 705 ec
962 659 1007 703 res
1019 653 1093 704 esset
1144 643 1238 699 risione
1253 653 1340 714 aaut,
1355 652 1384 701 et
1397 644 1464 714 puta
1480 645 1648 720 reprehensus
1664 655 1777 710 erats'et
1792 647 1865 714 Quod
1888 665 1938 704 noar

294 741 375 814 plane
394 739 552 812 deplorata,
566 740 638 813 quod
653 740 691 796 illi
706 740 785 811 buius
805 740 957 797 dectrinrnr
980 738 1091 795 minime
1143 745 1210 794 recle
1222 739 1361 794 ambularet
1374 737 1409 794 ot
1421 739 1550 798 ιιιίιιιιιιιι
1562 741 1696 812 euangelii.
1705 739 1763 797 Non
1778 741 1849 814 quod
1863 743 1937 802 irase

294 831 397 888 lerrent
410 849 418 888 t
432 832 559 904 quoniam
581 843 671 889 autem
689 831 724 888 ad
737 831 847 889 Petrum
860 831 1010 887 ontionem
1023 843 1092 886 con·
1144 829 1256 888 lrnberct
1267 849 1275 887 a
1288 831 1374 900 absin
1388 831 1441 890 hoc
1450 834 1523 889 enim
1538 833 1661 904 pluribus
1674 833 1914 894 demonstravimus
1929 855 1937 892 r

293 925 388 991 uertit,
404 922 523 981 illiclsru
544 923 684 982 utilitatem
707 923 905 996 percipiebant,
919 923 983 979 durn
997 936 1090 992 repre·
1143 925 1191 982 sed
1200 926 1425 998 quemadmodum
1439 936 1495 984 tum
1506 927 1634 999 temporis
1646 928 1861 1000 reprehendebat
1870 929 1937 984 Pau·

293 1015 457 1074 henderetur
466 1033 499 1074 ac
511 1027 613 1075 tereret
621 1017 727 1085 Petrus,
735 1017 847 1090 eiusque
857 1014 989 1072 mumistia
1003 1014 1091 1070 omnis
1143 1017 1195 1084 lus,
1206 1028 1234 1076 et
1249 1017 1306 1076 haec
1320 1019 1433 1078 audiens
1448 1020 1544 1078 Petrus
1558 1019 1682 1087 tacebat,
1695 1035 1731 1077 nc
1741 1020 1816 1078 Pauli
1830 1021 1940 1093 dispen-

293 1109 464 1182 detegeretur
480 1126 534 1167 non
548 1111 584 1168 ab
604 1112 681 1188 ipso,
694 1110 742 1168 sed
755 1126 771 1168 a
786 1109 957 1182 coapostolo,
971 1116 1000 1164 et
1017 1105 1092 1178 prior
1143 1111 1274 1167 sationem
1289 1119 1431 1180 everteret,
1445 1118 1473 1168 et
1486 1119 1629 1168 contentus
1639 1119 1699 1168 erat
1710 1111 1786 1183 qnasi
1800 1127 1854 1172 non
1865 1120 1939 1168 recte

293 1201 353 1273 ejus
365 1204 536 1260 conversatio
548 1204 575 1259 in
589 1204 707 1260 medium
721 1203 895 1274 proterretur.
912 1201 1013 1257 Deinde
1025 1214 1091 1258 rme
1142 1203 1471 1275 egeret,ub1'urgationcm
1490 1203 1651 1282 admittere,
1664 1212 1695 1259 ut
1713 1202 1780 1259 illud
1793 1201 1844 1260 sibi
1870 1201 1939 1273 apud

293 1311 338 1370 ne,
350 1296 421 1368 apud
444 1311 475 1354 se
486 1297 730 1368 dicereuttltrqne
751 1296 814 1353 licet
835 1294 931 1351 Petrus
947 1302 976 1349 et
993 1293 1091 1350 Paulus
1142 1294 1289 1366 discipulos
1307 1296 1473 1352 excusationi
1493 1303 1585 1354 esset:
1600 1297 1637 1352 ita
1659 1295 1787 1352 nimirum
1806 1311 1877 1351 norro
1889 1296 1939 1351 iste

292 1402 433 1460 perperam
447 1389 664 1462 egeriutrjustas
676 1398 703 1446 et
715 1387 878 1444 indubitatas
888 1385 967 1443 allert
979 1399 1087 1454 musas,
1143 1387 1236 1444 eodem
1258 1387 1370 1444 consilio
1389 1402 1443 1459 quo
1463 1387 1572 1444 Petrum
1587 1386 1734 1458 arguebat,
1749 1385 1809 1442 brec
1827 1385 1938 1456 scribit,

292 1479 330 1536 ob
353 1496 421 1552 quas
445 1481 562 1538 ludricis
582 1481 678 1537 ritibus
700 1477 892 1536 adhaerendum
908 1492 962 1534 non
979 1487 1029 1534 est.
1044 1478 1090 1532 Em
1142 1494 1202 1550 qum
1215 1486 1270 1537 tum
1283 1478 1420 1536 scribebat
1431 1477 1465 1536 ad
1484 1479 1603 1536 Galatas.
1613 1477 1680 1536 Nem
1696 1479 1719 1536 ei
1733 1487 1789 1534 tum
1802 1477 1938 1550 objurgari

292 1586 359 1630 rcro
380 1581 460 1642 sunt,
479 1571 708 1645 quodjustilrcare
726 1571 770 1628 len
795 1571 906 1625 minime
927 1566 1089 1641 possit,sed
1143 1571 1312 1640 Petrunn,et
1332 1581 1444 1642 tacere,
1460 1573 1526 1630 utile
1537 1571 1638 1630 iudeis
1656 1583 1731 1642 erat,
1746 1573 1833 1629 multo
1855 1572 1939 1642 magis

293 1665 362 1723 lides
386 1675 498 1722 uatum.
522 1668 610 1737 Atque
629 1664 675 1720 hic
697 1665 805 1736 qudem
823 1663 878 1720 leni
899 1677 931 1719 ac
952 1661 1090 1718 moderata
1142 1665 1312 1722 nuncetiam
1332 1665 1382 1722 ista
1395 1663 1429 1722 dc
1448 1665 1508 1737 ipso
1528 1665 1683 1736 praedicari,
1698 1665 1763 1723 utile
1776 1665 1811 1722 iis
1828 1673 1886 1722 crat
1899 1680 1933 1720 es

293 1759 376 1814 utitur
398 1757 521 1814 oratione
534 1775 543 1813 ι
557 1771 715 1830 progressus
737 1766 825 1813 autern
846 1756 984 1827 paululum
1005 1757 1089 1812 rebe·
1141 1755 1263 1825 Galatis,
1276 1757 1322 1830 qui
1336 1756 1442 1816 lucrant
1454 1756 1601 1829 depravati.
1615 1757 1733 1815 llteuim
1749 1760 1795 1828 qui
1810 1765 1867 1814 tum
1880 1757 1935 1813 rin·

293 1850 453 1906 mentionem
476 1849 586 1906 adhibet
605 1859 632 1907 et
653 1851 794 1906 acriorem.
816 1849 891 1918 Quod
910 1850 934 1905 ri
951 1857 1091 1923 eumentes
1141 1847 1248 1904 ticclrim
1258 1847 1402 1920 degebant,
1413 1861 1474 1906 cunt
1486 1848 1584 1905 acriter
1593 1849 1786 1920 reprehensum
1794 1856 1938 1904 cernerent

290 1943 426 2018 Mirari
445 1943 472 1998 in
495 1941 596 1998 duriam
617 1942 714 1997 irrorati
725 1959 814 2006 rainer
826 1951 851 1997 et
869 1942 919 2014 ipsi
934 1951 1088 2012 moerores,
1141 1939 1249 1998 Petrum
1262 1982 1271 2009 ,
1285 1952 1313 1998 et
1327 1949 1461 1998 tacentem
1473 1982 1482 2010 ,
1496 1939 1616 2012 magistri
1628 1939 1801 1996 accusatione
1820 1939 1938 2010 corrige-

291 2053 353 2092 κιαι
371 2035 485 2092 cidaras
502 2037 596 2108 peceati
616 2037 773 2091 ministerat
789 2035 924 2109 (dahti.
937 2034 1001 2106 llll
1012 2033 1088 2104 Quod
1140 2031 1460 2103 bantur,acsilentiu:sio
1468 2041 1495 2090 et
1504 2048 1574 2090 nunc
1583 2031 1853 2104 septentrionalem
1864 2047 1937 2088 mor·

292 2136 382 2185 autem
395 2129 461 2185 dicit
472 2131 552 2187 telem
566 2131 726 2186 sententiam
740 2129 820 2186 habet
835 2149 843 2184 :
858 2129 939 2186 Fides
949 2130 1086 2200 justilicat,
1141 2123 1176 2182 bn
1197 2125 1315 2183 luduicre
1335 2125 1534 2202 observationis
1554 2125 1676 2182 laborant
1688 2167 1695 2193 ,
1707 2133 1734 2181 et
1747 2124 1813 2182 dum
1827 2125 1937 2182 Paulum

291 2229 319 2276 ct
329 2234 346 2276 a
358 2220 452 2277 ritibus
464 2221 583 2277 ludaicis
590 2221 666 2292 iubet
677 2220 825 2289 discedere,
836 2231 866 2278 ut
879 2220 988 2294 quijam
1000 2237 1090 2278 cessa·
1141 2218 1252 2274 audiunt
1266 2218 1324 2275 haec
1338 2217 1371 2275 de
1381 2218 1439 2291 ipso
1450 2218 1594 2285 dicentem,
1609 2226 1700 2288 utpote
1712 2217 1777 2287 qnia
1789 2216 1938 2288 reprehen-

290 2313 345 2369 rint
357 2331 364 2368 :
375 2313 446 2386 quad
458 2315 482 2370 ei
501 2315 590 2372 sdhuo
604 2315 647 2371 les
660 2316 774 2386 imporat
786 2324 865 2387 atquc
877 2315 1047 2382 dominetur,
1062 2324 1090 2373 et
1140 2327 1188 2369 sus
1200 2321 1277 2380 mot,
1293 2322 1321 2369 et
1334 2327 1389 2369 nou
1401 2321 1474 2370 recte
1486 2311 1638 2368 ambulabat
1649 2310 1683 2366 ad
1696 2311 1837 2368 veritatem
1851 2325 1937 2366 euan-

289 2407 334 2477 qui
345 2421 405 2464 eam
416 2405 574 2476 deseruerit,
583 2407 807 2478 prevaricationis
816 2416 858 2464 est
871 2422 943 2475 reus,
954 2406 1087 2480 Christus,
1139 2409 1214 2481 gelli,
1226 2423 1341 2480 cumque
1351 2415 1460 2479 propter
1469 2405 1528 2463 hmo
1538 2405 1693 2477 obiurgatus
1706 2403 1823 2460 siluisset
1834 2421 1844 2459 ε
1854 2404 1939 2460 maui-

289 2500 336 2572 qui
356 2501 450 2567 nobs,
466 2511 495 2557 ut
517 2501 590 2558 illem
611 2501 816 2571 desereremus,
834 2504 993 2578 imperavit,
1008 2504 1088 2560 nobis
1139 2516 1211 2557 mam
1232 2500 1294 2557 iude
1314 2497 1496 2572 percipiebant
1517 2497 1727 2565 doctrinam,ut
1744 2510 1800 2552 nou
1821 2496 1938 2567 emplius

289 2591 515 2662 prevaricationis
529 2601 624 2649 auctor
636 2591 718 2650 luisse
727 2595 885 2665 reperietur,
899 2610 987 2666 neque
1000 2594 1088 2652 solum
1139 2594 1258 2652 Iudaicis
1282 2593 1378 2650 ritibus
1398 2591 1577 2648 adhererent.
1593 2589 1696 2646 idcirco
1707 2589 1788 2646 etiam
1801 2587 1900 2646 Paulus
1910 2597 1938 2644 et

291 2695 342 2738 uos
356 2692 466 2754 peccato
479 2699 534 2741 non
547 2684 684 2751 liberasse,
699 2685 748 2769 sed
763 2695 791 2742 et
803 2687 831 2742 in
845 2696 983 2759 peceatum
998 2687 1087 2760 impu·
1140 2698 1203 2745 tunc
1213 2687 1360 2760 increparit
1371 2727 1379 2756 ,
1392 2695 1420 2742 et
1434 2699 1505 2740 nunc
1520 2683 1591 2738 illius
1604 2683 1731 2754 temporis
1742 2680 1938 2754 objurgationis

289 2773 363 2831 lisse.
379 2773 409 2831 Si
427 2776 500 2831 enim
521 2777 557 2834 ob
579 2775 658 2834 ddem
671 2776 758 2850 legem
777 2778 945 2837 deseruimus
956 2822 964 2848 ,
976 2795 1087 2854 perrea
1139 2782 1302 2838 mentionem
1314 2779 1377 2836 lacit
1388 2797 1396 2834 z
1406 2774 1700 2850 nequemlnusidciroo
1711 2773 1822 2830 Petrum
1836 2770 1937 2830 laudari

292 2865 352 2938 lego
372 2865 531 2925 discessisse
551 2877 691 2938 peccatum
705 2877 764 2938 est,
779 2870 845 2928 lides
856 2871 893 2948 ob
904 2887 984 2945 quant
999 2872 1086 2944 legem
1138 2870 1355 2943 conuenit,qued
1367 2869 1492 2926 omnibus
1502 2867 1543 2935 iis,
1558 2881 1618 2939 qum
1628 2866 1697 2922 diota
1708 2874 1936 2933 sunt,assensam

289 2959 466 3027 deseruimus,
483 2961 540 3032 ipsa
550 2960 627 3019 nobis
640 2961 712 3020 lacta
722 2970 765 3020 est
776 2979 857 3021 causa
871 2965 983 3036 peccati.
997 2963 1088 3033 Quan-
1138 2963 1294 3038 prebuerit.
1308 2961 1355 3018 lile
1368 2960 1439 3017 euim
1450 2959 1510 3028 luit,
1524 2959 1568 3032 qni
1581 2957 1672 3014 omnia
1683 2956 1819 3030 prestitit,
1835 2957 1880 3028 qui
1891 2971 1936 3014 eu·

289 3053 326 3110 do
338 3063 426 3112 autern
439 3054 474 3110 ad
482 3053 628 3112 absordum
638 3055 694 3127 iam
707 3072 859 3115 sermonem
871 3059 983 3134 redegit,
998 3076 1087 3133 troque
1138 3058 1225 3118 curari
1244 3073 1275 3114 se
1288 3069 1382 3128 passus
1395 3064 1436 3112 est
1447 3098 1456 3126 ,
1469 3063 1497 3112 et
1511 3053 1649 3111 conticuit.
1665 3051 1714 3109 ilic
1725 3050 1934 3126 dispensationis

288 3145 353 3202 ulla·
368 3145 596 3205 demonstratione
626 3148 739 3220 indiguit
761 3149 796 3206 ad
826 3151 1012 3218 refutandum,
1034 3151 1085 3212 sed
1137 3161 1180 3210 cst
1198 3150 1311 3208 tructus.
1329 3148 1368 3206 lta
1390 3163 1440 3206 tros
1458 3158 1600 3220 utmmque
1620 3147 1803 3219 apostolarum
1823 3145 1937 3202 orimim

288 3245 430 3295 contentus
442 3237 493 3295 luit
505 3239 616 3310 dicere,
631 3240 716 3310 Adsit,
731 3241 802 3315 osred
815 3243 967 3300 absurditas
981 3245 1008 3301 iu
1019 3259 1086 3302 con·
1137 3243 1320 3310 liberavimus,
1332 3241 1440 3312 utrique
1451 3255 1517 3298 vero
1528 3239 1621 3296 landes
1630 3237 1763 3295 debentur
1775 3237 1935 3298 innumere.

285 3327 359 3387 iesse
381 3339 454 3388 esset
467 3349 474 3387 :
488 3331 521 3389 Si
540 3334 624 3403 eninr,
645 3334 746 3406 inquit,
769 3352 827 3407 qna
849 3336 980 3406 destruxi,
993 3337 1086 3393 iterent
1136 3337 1209 3410 quod
1222 3336 1382 3393 adeliomm
1396 3334 1510 3391 salutem
1523 3333 1612 3390 omnia
1628 3331 1720 3390 audire
1731 3330 1886 3388 studuerint
1898 3330 1935 3388 si·

289 3425 344 3480 lter
355 3426 465 3497 edifica,
477 3429 746 3495 murmiratoremme
758 3430 1002 3503 constituamini.
1016 3431 1084 3504 til:
1137 3428 1209 3497 mul,
1222 3443 1255 3486 ac
1268 3427 1369 3486 dimoc.
1387 3425 1442 3484 Nos
1463 3433 1554 3482 autem
1572 3424 1701 3496 deinceps
1721 3422 1794 3479 Petri
1812 3429 1840 3478 et
1860 3419 1935 3478 Pauli

285 3516 317 3572 in
328 3517 492 3573 casuarium
505 3519 639 3574 concutit
650 3519 801 3576 orationem
813 3562 821 3588 ,
835 3530 865 3578 et
876 3522 1010 3592 ostendit,
1027 3539 1082 3581 non
1136 3523 1220 3582 boum
1230 3536 1365 3595 regemus,
1379 3530 1407 3578 ut
1416 3520 1462 3593 qui
1476 3519 1575 3576 mutuis
1588 3519 1649 3576 illos
1658 3515 1809 3574 concordiae
1818 3513 1936 3573 vinculis

287 3606 438 3680 “imiimi
452 3609 538 3680 lidffl
550 3652 559 3679 ι
573 3609 620 3667 sed
634 3611 719 3684 Mem
733 3627 787 3668 nou
800 3612 938 3683 deserere,
949 3613 1000 3672 hoe
1011 3630 1084 3688 pras-
1136 3616 1250 3675 interae
1268 3615 1409 3682 devinxit,
1426 3628 1476 3671 nos
1493 3627 1601 3686 quoque
1619 3618 1712 3669 mutuo
1736 3607 1934 3665 uehementiori

286 3701 462 3758 varicatorem
475 3701 607 3771 reddere;
623 3713 650 3760 et
665 3718 712 3776 per
726 3706 843 3776 speciem
857 3708 972 3779 propriae
986 3723 1083 3781 perso·
1135 3707 1248 3766 caritate
1260 3709 1426 3780 constringat
1439 3724 1448 3763 ε
1460 3720 1514 3778 quo
1532 3701 1640 3762 taudem
1656 3710 1776 3760 mutuum
1791 3701 1864 3758 inter
1887 3711 1936 3757 noe

286 3809 435 3851 uaemrsus
447 3795 555 3854 renna
565 3795 697 3869 designet.
712 3797 741 3854 lu
755 3814 808 3871 qna
819 3801 892 3857 enim
904 3801 1001 3858 Petrus
1009 3801 1085 3860 cibo-
1136 3802 1284 3860 secundum
1308 3802 1394 3860 Deum
1422 3801 1593 3858 concordiam
1620 3785 1741 3856 lore'ntes
1755 3839 1764 3866 ‚
1780 3803 1935 3852 muctnruru

287 3901 349 3943 rom
363 3886 578 3946 observationem
596 3889 783 3963 violarit,qui
798 3891 934 3965 gentiliter
954 3903 1085 3953 sumeret
1135 3895 1243 3953 iliorum
1264 3904 1409 3968 conspectu
1433 3895 1594 3966 dignemur,
1609 3901 1637 3950 et
1658 3892 1685 3948 in
1710 3891 1820 3948 aeternis
1840 3903 1936 3946 oerum

286 3976 400 4035 vireret
413 3978 479 4035 Cum
500 3979 581 4052 igitur
600 3980 635 4037 ad
657 3981 764 4040 ludaeos
791 3985 888 4042 iterum
911 3985 1040 4055 redierit,
1057 3996 1086 4047 et
1137 3989 1271 4062 possimus
1284 3987 1462 4046 tabemandis
1480 3985 1613 4055 inveniri,
1626 3985 1711 4058 gratia
1725 3993 1754 4041 ct
1768 3983 1935 4055 benignitate
2016 4057 2017 4068 ἵ

284 4083 347 4126 curu
358 4070 411 4127 illis
420 4071 665 4145 rirat,reperietur
680 4075 811 4134 edilicare
824 4093 885 4151 quae
903 4080 1082 4140 destruxerat.
1136 4083 1241 4141 bomini
1260 4082 1346 4140 nostri
1366 4081 1430 4140 tesu
1452 4080 1570 4147 Christi,
1583 4092 1726 4152 perquem
1742 4120 1750 4147 ,
1764 4085 1792 4134 et
1805 4091 1867 4133 cum
1882 4088 1935 4146 qno

322 4161 368 4218 2⁰.
388 4161 470 4220 Vides
482 4178 538 4236 qno
549 4176 627 4236 pacto
640 4167 739 4240 ubique
749 4169 776 4225 in
791 4169 1018 4231 condemnatione
1031 4175 1084 4232 Pe·
1135 4173 1209 4234 Patri
1223 4186 1251 4232 et
1264 4174 1375 4246 Spiritui
1389 4183 1500 4239 sancto,
1514 4171 1599 4244 gloria
1611 4213 1620 4240 ,
1634 4169 1792 4241 imperinm,
1808 4166 1896 4222 huuor
1910 4173 1935 4220 et

236 4306 240 4313 .
286 4257 321 4313 tri
334 4255 447 4324 hereat,
462 4260 715 4334 etprluremipsius
725 4266 957 4323 coniectionem
969 4267 1084 4326 manile-
1136 4268 1401 4337 edoratia,nuncet
1415 4272 1582 4336 semper,et
1595 4263 1624 4320 iu
1643 4260 1739 4319 saecula
1762 4259 1934 4318 wentanum.

285 4356 339 4405 stet
348 4365 357 4404 ι
367 4356 397 4404 ut
407 4363 461 4407 nou
474 4366 491 4408 a
502 4350 591 4425 lingua
606 4353 698 4422 Pauli,
712 4354 788 4413 seda
802 4367 893 4415 utente
906 4350 989 4429 Petri,
1000 4375 1082 4434 qoam
1116 4427 1117 4430 Ἴ
1135 4361 1233 4418 huten.

286 4488 1915 4560 w

787 4645 1411 4815 brustinus

598 4917 671 4990 lili
690 4918 931 4996 Mortuus
951 4918 1616 5010 CONSTANTHtOPoLITANIS,

581 5069 699 5140 nunus
717 5073 761 5133 us
778 5073 862 5145 oue
879 5075 927 5133 nn
945 5075 1138 5146 urrunnun
1156 5075 1239 5134 utus
1259 5073 1423 5134 uxsruuu
1441 5071 1633 5132 susurrus.

890 5180 1309 5366 bonomium.

320 5407 409 5468 tisun
422 5421 465 5472 est
484 5427 516 5472 ce
536 5414 627 5473 omnia
639 5416 772 5490 Opuscnle
798 5435 859 5494 qne
880 5423 913 5480 ad
935 5422 1076 5480 historiam
1165 5421 1192 5478 l.
1202 5419 1317 5479 Hernilia
1330 5417 1356 5475 in
1371 5418 1533 5491 Eutropium
1543 5417 1699 5476 'ernnuchum
1720 5428 1748 5476 et
1761 5417 1940 5492 Patricium,

276 5513 397 5561 maurum
420 5505 801 5584 Constantinopolitanerum,
823 5523 852 5571 et
875 5515 909 5570 ad
934 5524 1077 5586 utrumqne
1129 5515 1174 5588 qni
1187 5512 1220 5572 ad
1235 5511 1356 5570 ecclesiae
1370 5511 1475 5586 asylum
1488 5511 1654 5584 conlugerat.

277 5593 594 5670 (brysostomiessilium
606 5610 739 5672 spectant,
753 5604 780 5659 in
791 5605 865 5678 prius
876 5603 963 5660 Editis
978 5605 1082 5662 bincet·
1165 5607 1193 5662 h.
1208 5605 1324 5663 Humilia
1343 5605 1370 5663 in
1396 5605 1522 5663 cumdem
1548 5607 1725 5680 Eutropium,
1739 5608 1786 5680 qui
1808 5606 1938 5665 saresta

276 5683 339 5741 inde
353 5691 621 5760 sparsn,secnndum
641 5690 770 5766 temporis
791 5698 913 5754 ordinem
933 5697 977 5754 bic
995 5696 1075 5754 simul
1129 5700 1201 5773 :sylo
1214 5698 1310 5756 relicto
1321 5708 1413 5771 captus
1424 5707 1475 5756 est.

276 5777 455 5845 codocare,et
468 5781 648 5853 Epistularum
659 5789 809 5847 collectioni
820 5791 992 5868 praemittere.
1007 5791 1074 5850 Srtnt
1161 5791 1189 5847 5.
1203 5789 1316 5846 llomilia
1330 5805 1390 5846 cum
1405 5791 1567 5848 Saturninus
1579 5799 1606 5848 et
1625 5791 1785 5848 Aurelianus
1809 5791 1877 5866 acti¹
1892 5801 1925 5846 cs

278 5874 371 5926 ’Μ
384 5867 444 5929 ¹¹0⁰
455 5871 588 5945 ⁰i¹¹⁸⁰¹¹¹²
602 5875 769 5948 beluacus
1129 5890 1191 5944 seut
1202 5881 1228 5940 in
1241 5883 1376 5954 exsilium,
1389 5891 1417 5944 ct
1431 5882 1530 5944 Galeas
1542 5896 1665 5957 egressus
1678 5891 1751 5943 esset
1763 5897 1798 5942 ex
1810 5881 1932 5940 civitate
