4142 6342
281 400 334 462 8⁰3

278 517 393 576 rioribus
403 513 605 580 humanitatem,
621 511 722 567 adeum
735 509 821 582 quieti
835 510 1071 568 iiilerioribustan·

279 598 335 644 toni
346 586 559 660 prodiitltantus
570 583 698 638 Dominus
707 580 739 636 ad
748 596 791 638 me
799 582 923 655 exignum
934 582 1074 642 inmolant?

280 664 316 714 At
324 659 396 715 eititn
413 671 507 714 sortes
519 652 658 710 dominum
670 653 697 708 in
713 652 863 709 libertatem
878 669 931 709 non
943 654 1071 722 vindicat,

279 730 386 786 lucerna
409 726 492 782 solent
514 740 567 781 non
587 725 729 794 illumittat,
753 724 837 780 lutum
863 725 970 795 liqulnm
986 728 1073 798 ipsum

279 815 333 855 iton
356 797 474 868 comiqit,
494 795 552 851 oris
565 803 700 866 pastorem
722 809 777 850 non
798 796 900 865 pascit,
924 811 1074 866 precursor

278 885 368 940 rcqein
390 882 444 922 non
465 867 637 923 condecorat.
652 865 764 922 Florius
777 875 849 922 tuam
865 882 918 922 non
933 868 984 924 lert
1007 867 1076 923 diri-

277 940 404 1004 iiitatem;
415 937 512 995 nortui
526 953 579 992 non
591 938 712 1006 metitur,
725 951 804 1008 quem
815 937 909 993 caeluni
921 954 975 994 non
987 937 1073 1008 capte

277 1008 400 1066 lordonis
422 1024 500 1065 suom
524 1009 689 1065 conditorem
710 1023 763 1063 non
784 1009 881 1071 abluit:
901 1025 969 1080 aqua
994 1023 1073 1064 saum

276 1079 397 1151 agnoscit
410 1088 566 1148 auctorem;
582 1078 640 1135 bac
657 1080 755 1136 buente
776 1089 830 1134 non
855 1090 956 1137 ttomnt
969 1082 1072 1150 iumen,

277 1162 305 1208 et
318 1165 368 1222 eqo
381 1150 485 1208 audebo
499 1151 531 1206 ad
546 1151 722 1208 ministerium
734 1149 857 1221 accingi?
871 1152 984 1206 titinius
996 1165 1073 1208 inens

276 1231 381 1287 ιιιιιιι,
406 1237 502 1278 manus
522 1236 581 1277 mea
596 1229 714 1278 tremens
728 1232 836 1276 teretur
851 1221 887 1278 ad
909 1238 1007 1294 corpus
1022 1224 1074 1279 lioc

278 1301 351 1365 tuam
364 1293 437 1348 omni
449 1308 482 1349 ei
494 1300 570 1363 parte
583 1301 704 1348 sanetum
717 1291 857 1348 accedere.
959 1345 962 1355 ,

310 1362 338 1418 2.
352 1363 421 1433 Quid
434 1363 550 1420 inciam?
565 1361 627 1433 quid
641 1363 791 1434 exsequar?
807 1363 840 1418 Ει
861 1378 957 1421 uereor
971 1365 1074 1444 tellin-

279 1435 363 1502 mitte,
378 1445 405 1492 et
416 1450 490 1501 amo,
503 1441 531 1490 et
545 1433 635 1506 i'ugere
650 1449 702 1489 non
717 1433 813 1501 audeo,
828 1444 855 1489 ct
868 1434 997 1491 accedere
1010 1451 1073 1492 ern·

277 1505 373 1562 besco:
388 1505 548 1577 baptistnum
560 1504 683 1560 conferre
695 1505 773 1560 simul
786 1504 899 1571 horreo.
914 1515 941 1562 ct
952 1507 1073 1574 accipere

281 1576 518 1634 sanctificationem
540 1575 677 1645 percupio.
696 1573 753 1646 Epo
775 1574 851 1629 debeo
872 1592 888 1629 o
908 1586 933 1633 te
950 1577 1073 1647 baptizari

277 1645 384 1718 (ιιιιιιι.
397 1647 425 1702 3.
438 1646 483 1716 lt)
493 1663 500 1700 ε
509 1655 593 1716 egote
603 1645 725 1712 adorare,
736 1662 788 1701 iton
797 1645 997 1716 baptizaresum
1012 1649 1073 1704 cdo

276 1728 352 1773 otus:
364 1719 427 1787 quin
443 1719 530 1788 potins
541 1716 672 1772 cervicem
685 1731 829 1798 eqomeam
839 1716 956 1774 dexterae
966 1729 1017 1774 tuae
1028 1719 1070 1774 in·

276 1788 356 1845 clino.
367 1786 482 1844 benedic
490 1786 586 1857 meqni
594 1786 729 1842 benedicis
738 1801 823 1862 annos
829 1786 961 1858 justornm
973 1807 979 1842 :
992 1789 1032 1844 iac
1044 1798 1072 1845 ut

278 1860 305 1916 in
319 1857 445 1914 iordanis
463 1856 658 1914 llueiitis'liodie
668 1857 801 1922 exsiliant,
812 1859 947 1926 quomodo
960 1859 1070 1915 cllecisti

278 1945 363 2000 nuper
376 1938 405 1985 ut
417 1929 443 1984 in
457 1929 584 1984 inaternis
592 1928 738 1985 visceribus
750 1930 922 1985 exsultarem.
936 1930 1015 1995 Sane,
1027 1932 1069 1986 in-

277 2001 336 2072 quit
353 1999 493 2068 liominus,
506 2015 523 2054 o
536 1999 665 2069 Baptista,
679 1998 835 2054 modestiam
850 2011 927 2076 tumn·
940 2001 1069 2068 admiror,

276 2072 323 2128 scd
348 2070 525 2127 obedientiam
541 2071 649 2140 quaero!
667 2067 761 2125 Factus
784 2085 814 2125 cs
828 2073 902 2141 regni
917 2073 968 2126 inei
983 2082 1071 2140 patro-

277 2159 338 2209 nus,
358 2140 406 2197 setl
425 2157 492 2197 mee
512 2139 718 2210 dispensationis
731 2139 886 2212 administer
902 2143 958 2198 lieri
976 2143 1069 2200 debes.

278 2212 345 2269 iloni
359 2211 429 2268 enim
442 2228 491 2283 ego
503 2211 536 2268 ad
550 2220 586 2276 te,
601 2211 813 2283 quattdoquideni
826 2223 854 2268 et
871 2214 917 2270 tilii
939 2213 990 2269 lioc
1003 2229 1070 2269 coii-

277 2283 337 2351 iert,
351 2284 422 2340 etiis
441 2282 488 2354 qui
508 2282 609 2338 similes
629 2283 667 2338 tui
690 2293 752 2338 sunt
765 2301 771 2338 :
786 2285 915 2354 veni-ego
928 2285 962 2340 nil
982 2294 1018 2353 te,
1043 2293 1071 2340 ιιι

279 2369 373 2410 omnes
385 2354 508 2410 lioniines
521 2353 554 2408 ad
570 2369 613 2408 ine
632 2353 760 2410 accedant
773 2372 779 2409 :
793 2354 919 2411 descendi
931 2354 966 2412 de
980 2355 1068 2422 caulis,

277 2435 306 2482 et
319 2433 389 2481 totus
406 2440 465 2480 snm
478 2425 505 2480 itt
518 2423 578 2480 sinu
593 2424 688 2489 Patris,
704 2435 733 2480 ut
748 2425 908 2495 conjungant
922 2441 990 2496 opus
1007 2442 1069 2482 cmii

278 2497 390 2568 opilice:
415 2496 476 2552 veni
491 2510 625 2565 praesens,
644 2504 673 2552 ut
687 2494 815 2566 lugientes
835 2497 910 2552 cittis
925 2512 1069 2569 caperem:

277 2567 337 2623 veni
351 2576 380 2623 ut
392 2565 483 2633 bomo,
499 2566 542 2622 nbi
554 2565 608 2636 jam
623 2575 699 2621 antea
724 2582 798 2622 erant
814 2577 842 2621 ut
858 2568 937 2635 licus,
951 2583 1003 2638 qno
1019 2569 1069 2623 lto·

276 2637 362 2694 niincs
373 2638 439 2694 deos
450 2635 588 2694 redderent
602 2654 609 2692 ι
634 2653 695 2694 acce
715 2638 723 2691 i
737 2655 769 2694 eii
783 2638 858 2693 robis
878 2654 990 2710 egenam
1011 2655 1070 2694 ma·

261 2718 361 2778 trem,
389 2716 419 2764 ut
441 2725 488 2763 ros
510 2724 570 2764 enni
593 2653 808 2765 bduciai‘atrem
831 2725 919 2766 ineunt
935 2710 1070 2784 appellare

277 2779 404 2862 possitis:
419 2780 547 2836 educatos
559 2795 629 2844 sunt,
643 2779 788 2848 minione,
803 2779 878 2836 lactis
899 2781 968 2848 cibo,
985 2790 1013 2836 ut
1026 2797 1071 2838 nie

276 2865 363 2922 ipsunt
380 2850 501 2906 fidelibus
513 2852 538 2905 in
549 2851 637 2906 cibum
653 2865 845 2932 proponerem:
860 2852 993 2908 involutus
1009 2867 1068 2908 sunt

277 2921 423 2992 puerilibus
433 2920 532 2988 fasciis,
547 2929 574 2974 iit
584 2921 729 2992 iniquitatis
740 2921 843 2978 uincula
855 2923 1067 2994 tlisrutnperemt

277 2993 421 3050 reclinatus
442 3007 501 3047 sunt
527 3007 579 3046 non
599 2991 626 3046 iti
650 2992 724 3062 regio
739 2994 863 3064 quopiam
877 2995 956 3060 lecto,
972 2995 1019 3049 sed
1042 2995 1070 3050 itt

276 3063 320 3117 vili
334 3063 474 3134 praesepio,
487 3071 583 3133 etpost
595 3064 716 3118 meamiti
729 3066 857 3135 presepio
867 3065 1068 3121 reclinationem

277 3135 366 3191 nullus
376 3133 491 3210 atriplius
502 3147 606 3197 eorum,
619 3134 664 3204 qui
677 3134 789 3191 rationis
802 3136 943 3207 participes
956 3145 1028 3202 sant,
1041 3143 1070 3194 ιιι

258 3205 392 3260 ·iationis
406 3219 502 3274 expers
515 3214 610 3259 contra
630 3205 759 3261 rationem
782 3207 872 3261 vitat:
896 3209 987 3278 excepi
1007 3223 1074 3264 cor·.

277 3289 343 3348 pore
362 3289 422 3332 tneo
436 3275 675 3345 circumcisionem,
692 3290 770 3347 quain
784 3291 835 3348 eqo
849 3287 927 3333 antea
947 3279 956 3332 l
990 3278 1069 3334 elata

278 3349 491 3419 imperaveram,
514 3356 542 3402 ut
562 3347 791 3403 circumcisionem
814 3363 867 3404 non
890 3365 969 3404 niano
982 3359 1068 3406 actam

276 3417 442 3475 introducam
456 3435 463 3472 :
478 3426 508 3472 ut
520 3418 713 3489 primogenitus
730 3419 788 3491 lege
802 3420 974 3475 consumtum
986 3422 1066 3477 olito-

278 3491 309 3546 lit
318 3488 490 3556 sacrificant,
501 3487 546 3561 qui
559 3504 618 3545 suni
628 3487 793 3562 Unigenitus,
806 3499 835 3545 ιιι
845 3491 975 3560 ejusmodi
988 3492 1069 3546 sacri·

279 3561 369 3616 bciotii
385 3560 532 3626 immotam,
546 3575 577 3616 ac
587 3561 717 3630 meipsum
731 3562 885 3616 inusitatum
897 3562 1028 3632 quoddam
1042 3573 1069 3618 et

277 3632 374 3688 mirum
399 3629 558 3687 sacrificium
586 3631 706 3687 reddam.
730 3632 795 3704 Fuqi
816 3632 841 3686 iii
857 3631 1018 3704 AEgyptuin,
1041 3643 1069 3690 at

276 3718 330 3759 iton
344 3702 411 3758 desii
421 3703 540 3759 omnium
554 3717 614 3758 esse
624 3701 796 3774 perfugium:
813 3701 899 3759 iactas
909 3719 968 3758 sum
982 3704 1069 3761 inlatis

276 3787 371 3830 recens
382 3781 473 3839 uatus,
488 3775 529 3829 vir
538 3774 683 3848 perlectos,
697 3784 723 3828 ιιι
738 3773 821 3838 rides,
836 3782 866 3829 ut
881 3775 1067 3845 perlectionem

277 3844 438 3916 imperfectis
455 3845 585 3915 elargiar:
609 3860 655 3914 per
678 3847 869 3900 omnesaitatis
890 3846 986 3916 gradus
1008 3863 1068 3918 pro·

277 3924 368 3974 seems
386 3931 445 3970 suin
456 3956 464 3982 ,
476 3925 505 3971 ιιι
517 3930 623 3971 onmem
646 3925 750 3972 atatem
765 3915 816 3972 lioc
829 3932 878 3988 pro
897 3933 970 3973 ressu
986 3918 1067 3988 pede·

277 3987 371 4044 teatini
387 3987 456 4042 lacto
466 3987 648 4043 enormiorem.
661 3986 797 4069 ingressus
810 4002 868 4044 sam
878 3933 1001 4053 ilariom,
1014 4003 1069 4060 quo

276 4057 392 4114 ciliciam
406 4066 436 4113 ut
450 4058 590 4132 terrigenae
601 4058 783 4130 ingrediantur
797 4060 823 4113 in
838 4060 953 4115 celant:
977 4073 1004 4116 et
1018 4061 1069 4116 linc

277 4129 408 4201 baptisma
420 4129 554 4199 suscipio,
574 4136 603 4183 ut
613 4128 751 4200 discipulis
771 4130 839 4186 meis
860 4132 1069 4202 regenerationis

224 4239 230 4250 .
280 4199 441 4271 baptismum
454 4198 601 4257 coiileram.
615 4199 738 4256 Stistiiico
752 4201 909 4258 descensum
922 4201 948 4256 iii
960 4217 1067 4268 atinam,

279 4281 306 4325 ιιι
327 4271 526 4342 reiterationem
541 4272 686 4327 secundnm
707 4288 815 4328 carnem
833 4271 957 4328 sustinui.
969 4271 1008 4345 ¹Ut
1031 4275 1069 4328 le·

286 4340 396 4408 iislator,
414 4342 608 4414 lcqisretieror
619 4342 688 4414 jura,
702 4353 729 4397 ιιι
748 4359 875 4400 renovem
888 4345 981 4414 gratiae
994 4360 1067 4415 sym-

278 4359 340 4468 bola
352 4429 359 4464 τ
373 4422 403 4468 ut
414 4413 534 4470 medicus
543 4428 635 4480 sanus,
647 4414 924 4486 inediciitacaqroiutn
937 4415 1069 4487 particeps

277 4483 325 4550 lio,
339 4483 397 4540 licet
418 4499 449 4540 ca
466 4499 519 4539 non
540 4483 688 4555 indigeant,
709 4495 737 4540 nt
758 4487 895 4540 recentius
909 4485 1016 4556 piscinae
1029 4487 1068 4559 (a)

276 4554 424 4612 ιιιιιιιιιιιιιι
446 4555 629 4612 laborantibus
640 4556 799 4627 excogitem.
821 4554 934 4613 Crucem
948 4567 1069 4626 peccato·

278 4642 337 4684 tuin
351 4642 431 4684 causa
444 4625 572 4698 suscipio,
586 4634 613 4682 ct
637 4623 771 4683 lavacrum
791 4626 901 4697 periculi
918 4643 1014 4698 expers
1026 4645 1069 4684 re·

277 4697 397 4756 ensaboi
410 4697 489 4753 trium
504 4697 608 4754 dierum
623 4698 708 4766 spatio
720 4706 840 4753 mortuus
850 4713 911 4754 esse
925 4716 977 4754 noti
990 4699 1066 4758 dobi-

278 4770 349 4837 tabo,
366 4778 394 4825 et
405 4769 563 4826 descensum
578 4767 649 4823 liuiic
663 4766 756 4825 dolore
768 4783 879 4824 racuuin
894 4785 946 4825 nott
962 4769 1068 4827 leram?

277 4841 305 4898 in
321 4841 407 4911 ipsum
431 4838 528 4896 inferni
542 4837 705 4911 profundunt
727 4838 903 4896 descettsmus
927 4857 1019 4913 pergo,
1042 4852 1069 4898 et

278 4909 320 4968 liis
342 4909 450 4966 fluentis
472 4909 544 4966 burli
567 4924 621 4986 noti
644 4907 859 4967 circuniltnidar?
878 4911 984 4983 baptiza
1004 4929 1068 4985 erqo

277 4998 332 5048 me,
353 4981 398 5053 qui
411 4982 592 5052 baptizaturus
604 4995 664 5053 suin
683 4991 711 5037 ιι
724 4994 877 5038 seruaturus
890 4999 949 5051 eos,
961 4989 1006 5054 qui
1019 5001 1068 5042 no·

278 5051 377 5127 luerint
389 5069 396 5107 ι
410 5051 515 5124 baptiza
536 5066 590 5118 ine,
603 5051 648 5121 qui
662 5053 819 5124 baptizatam
838 5057 955 5127 peccatis
975 5065 1002 5111 et
1021 5056 1070 5112 de·

278 5139 393 5181 mersam
406 5133 528 5178 itatuiam
539 5123 682 5179 humanam
694 5122 728 5180 ad
740 5125 867 5182 celorum
880 5125 1067 5198 celsitudinem

277 5206 453 5268 provecturus
464 5208 538 5249 suni:
553 5193 656 5264 baptiza
669 5212 723 5264 nte,
738 5197 915 5266 utnltoininem
928 5200 956 5253 iit
972 5197 1068 5264 terris,

277 5283 359 5350 quein
380 5265 468 5338 tapeti
482 5273 511 5322 nt
521 5263 604 5321 Ιιιιιιιι
619 5267 765 5337 celebrant,
782 5277 809 5325 et
821 5267 930 5325 laudant
944 5270 970 5324 in
983 5269 1067 5326 calis.

278 5336 344 5395 bsto
368 5336 482 5409 diligens
502 5337 690 5412 mysteriorum
713 5355 833 5397 incorum
854 5339 1020 5409 administer,
1041 5341 1068 5396 in

277 5407 1067 5481 bonamactioueuitransiereicnsationem:sistclinquann

279 5487 307 5536 et
328 5480 362 5536 ad
375 5495 444 5553 opus
464 5482 550 5538 excita
568 5481 716 5538 dexteram.
734 5482 843 5553 lmpotic
864 5482 990 5538 audacter
1005 5498 1070 5551 ina·

279 5566 342 5606 num
355 5551 448 5608 vertici
460 5568 531 5621 meo,
546 5553 591 5624 qni
599 5562 710 5624 propter
722 5562 748 5609 te
760 5569 793 5608 ci
806 5563 849 5607 tua
860 5568 947 5608 massa
961 5553 1069 5608 desunt·

280 5631 340 5688 ptos
353 5631 392 5679 est
402 5641 410 5678 ι
422 5638 456 5680 ex
471 5639 530 5679 meo
539 5623 697 5693 baptismate
708 5621 759 5679 boc
774 5623 898 5689 lucrifac,
911 5632 939 5679 ut
951 5624 1070 5694 Baptista

280 5690 387 5748 dicaris.
404 5693 468 5748 Sine
488 5691 583 5762 nudo:
603 5693 732 5763 tantisper
745 5694 860 5764 baptiza,
875 5705 904 5750 ct
923 5705 1015 5765 postea
1036 5696 1070 5752 tle

178 5765 182 5770 '
281 5761 344 5816 mca'
353 5761 491 5816 divinitate
509 5763 633 5829 loquere:
648 5764 776 5834 tantisper
795 5765 914 5834 bannia,
930 5774 958 5822 et
978 5775 1069 5835 postea

270 5890 274 5901 ·
314 5887 350 5953 (ιι)
363 5871 477 5938 iaanenu
489 5889 593 5954 appellat
609 5893 699 5944 {itatem
711 5894 867 5956 lapt'ismatis.

1021 394 1155 457 munti.

1869 405 1926 464 adt

1130 509 1228 566 adora:
1245 509 1289 566 Sic
1311 511 1377 566 etaim
1397 510 1468 567 nobit
1490 513 1613 580 ιιιιιιιίι,
1635 522 1663 569 ιιι
1677 531 1776 570 οιιιιιιιιι
1787 518 1923 588 ¹iristitiam

1128 581 1311 650 adimpleantur
1322 580 1473 650 (Mundo.
1488 583 1544 654 15).
1559 584 1630 640 Nihil
1644 585 1679 641 ita
1694 587 1828 644 excelsum
1843 605 1923 648 etot*

1129 661 1190 720 nat,
1216 665 1247 706 ac
1269 651 1397 708 demissio
1415 654 1581 710 voluntaria:
1601 671 1664 712 vera
1679 658 1751 713 enim
1773 659 1923 722 sublimitas

1127 725 1247 779 actiones
1261 721 1397 779 modestas
1412 739 1464 780 non
1480 734 1593 782 recusat.
1612 727 1688 784 Tunc
1709 728 1819 786 dimittit
1833 731 1920 804 ipsum

1127 793 1244 850 loannes
1266 793 1308 849 liis
1319 809 1381 850 euin
1400 795 1489 853 verbis
1508 797 1678 869 alloquutus:
1701 799 1771 856 Eece
1789 801 1923 874 obseqmr

1127 863 1312 936 imperiumn,
1330 866 1460 922 bomine:
1477 883 1536 936 qun
1554 869 1626 924 enim
1640 870 1765 940 ignorans
1778 869 1870 940 didici,
1888 891 1922 932 ea

1127 935 1246 1009 gaudens
1260 936 1379 1006 particio.
1395 936 1466 994 llcce
1477 937 1614 995 deiterata
1626 956 1712 996 meam
1722 943 1802 1014 capiti
1812 949 1857 1001 tuo
1870 945 1922 1000 ad·

1127 1022 1238 1072 moveo,
1250 1007 1463 1079 qnandoquidem
1484 1009 1510 1065 id
1526 1018 1553 1065 tu
1572 1010 1690 1082 jussisti,
1706 1019 1734 1068 et
1755 1029 1804 1086 eqo
1826 1031 1922 1073 servus

1128 1087 1188 1134 tutis
1201 1093 1277 1142 suni,
1294 1077 1401 1134 etlilins
1414 1081 1517 1138 ancille
1528 1089 1592 1148 tum,
1610 1091 1638 1137 et
1657 1097 1751 1140 matius
1770 1099 1830 1141 inca
1852 1101 1921 1157 opus

1128 1159 1213 1216 taum,
1227 1156 1255 1205 et
1265 1147 1308 1204 lile
1318 1149 1413 1206 botius
1425 1161 1476 1207 tuae
1488 1151 1678 1210 dominationis
1692 1153 1813 1212 defluxus
1827 1166 1879 1226 est,
1893 1169 1922 1214 et

1126 1219 1185 1275 liaec
1202 1221 1298 1276 lloenta
1311 1231 1440 1277 creaturas
1464 1232 1528 1289 tun,
1549 1231 1577 1279 et
1595 1223 1647 1280 lioc
1666 1223 1795 1295 baptisma
1818 1225 1918 1284 dmtum

1127 1300 1211 1359 tuum,
1237 1301 1264 1346 et
1284 1299 1311 1346 tn
1333 1291 1408 1348 solus
1427 1292 1496 1348 nosti
1518 1295 1692 1366 mysterium,
1711 1297 1782 1367 quod
1802 1299 1919 1369 persicis.

1126 1361 1275 1433 llnptizme,
1290 1377 1391 1432 quaeso,
1407 1362 1553 1432 baptizare,
1569 1373 1595 1420 et
1610 1381 1698 1431 serva,
1714 1376 1743 1422 ut
1757 1369 1841 1436 noles,
1852 1385 1920 1442 quos

1126 1431 1231 1488 creasti.
1242 1432 1339 1488 Beatus
1347 1448 1396 1504 ego
1405 1433 1450 1504 qui
1462 1446 1605 1507 propterte
1617 1437 1741 1496 inusitata
1750 1437 1918 1499 ratione'sum

1126 1511 1213 1570 natus,
1234 1514 1262 1559 et
1275 1505 1382 1560 insolito
1402 1519 1477 1562 more
1491 1506 1517 1561 in
1532 1505 1640 1562 deserto
1654 1511 1791 1578 edomans,
1807 1521 1834 1568 ιι
1848 1528 1919 1568 nunc

1126 1573 1177 1630 linc
1191 1590 1204 1626 n
1219 1582 1244 1629 te
1260 1575 1408 1630 initiistciio
1422 1576 1517 1646 dignus
1532 1576 1656 1634 liabitas:
1671 1577 1764 1636 beatus
1778 1593 1829 1654 eqo
1842 1585 1886 1656 qni
1901 1601 1916 1640 a

1126 1654 1151 1724 ιι
1166 1643 1259 1700 luerim
1270 1645 1441 1716 approbatus,
1452 1656 1562 1703 uttanto
1575 1651 1817 1720 niysteriooperain
1831 1669 1918 1709 menni

1126 1717 1319 1786 impenderem.
1344 1716 1489 1773 Odertera
1511 1727 1638 1790 quarinum
1653 1720 1767 1777 exaltata
1781 1724 1827 1779 esi
1845 1742 1861 1779 o
1876 1725 1917 1780 lii-

1127 1795 1197 1841 tcnm
1214 1787 1419 1842 instrumentum
1433 1797 1560 1858 qnantum
1574 1789 1733 1846 honoratum
1747 1793 1791 1849 es!
1808 1797 1918 1852 dinator

1125 1858 1275 1921 tintinnum,
1287 1873 1496 1930 niagnommqne
1508 1859 1620 1930 largitor
1631 1877 1780 1931 munerum,
1795 1864 1916 1932 Domine.

1125 1939 1296 1997 prostrassem
1317 1929 1428 1999 qratiam
1448 1930 1628 1988 immiscearis
1649 1936 1735 2005 aquis,
1758 1937 1850 2006 eisquc
1869 1937 1917 1994 de·

1124 2013 1219 2054 scetisn
1234 2009 1279 2054 tno
1290 1997 1422 2068 (quoddam
1436 2001 1511 2070 (innisi
1522 2001 1681 2059 lerntcntitm
1696 2007 1916 2064 sanclillcationis

1124 2069 1268 2128 inscincris
1279 2068 1364 2142 (qenai
1378 2069 1447 2125 llcxn
1466 2071 1548 2126 adoro
1564 2081 1605 2137 te,
1621 2073 1762 2148 Doniine),
1776 2079 1916 2148 egrediens

1125 2155 1157 2194 cn
1172 2141 1248 2210 aquis
1261 2142 1385 2206 ascende,
1400 2143 1613 2212 rtcmnplectere
1625 2144 1766 2201 humanam
1784 2159 1915 2218 timinam,

1124 2225 1192 2280 pene
1215 2223 1336 2281 agentem
1357 2212 1471 2268 aiiiinam
1485 2223 1512 2268 et
1534 2213 1720 2272 deiicientem:
1745 2218 1821 2274 visita
1839 2235 1915 2289 eain,

1122 2297 1182 2351 quae
1196 2283 1343 2337 voluntaria
1358 2281 1425 2338 lebri
1449 2284 1569 2350 laborat;
1588 2287 1671 2358 erige,
1687 2289 1785 2344 suscita
1804 2291 1830 2346 in
1844 2300 1916 2346 terra

1123 2353 1195 2408 relat
1210 2353 1236 2408 in
1249 2353 1318 2408 lecto
1328 2352 1472 2424 jacentem,
1486 2365 1514 2411 ιι
1528 2357 1607 2412 variis
1621 2358 1720 2414 tnnrbis
1732 2360 1915 2418 laborantem:

1124 2431 1152 2478 ut
1163 2423 1285 2480 inedicus
1296 2424 1403 2480 morbos
1414 2425 1528 2495 depelle.
1543 2426 1580 2483 Te
1590 2427 1676 2484 claudi
1690 2439 1860 2503 exspectant,
1876 2444 1916 2500 nt,

1123 2507 1184 2548 cuin
1199 2495 1322 2566 loquutus
1337 2495 1428 2562 luetis,
1444 2507 1572 2553 currant:
1588 2506 1614 2555 te
1628 2509 1785 2570 exspectant
1798 2503 1872 2572 ceci,
1887 2512 1918 2559 ut

1123 2564 1246 2621 videant:
1263 2576 1335 2622 tuam
1350 2581 1442 2622 vocem
1460 2567 1645 2638 prestolantur
1659 2572 1766 2642 mortui,
1778 2581 1807 2628 ut
1824 2589 1915 2632 resur-

1122 2645 1201 2707 gam:
1218 2645 1290 2692 tuum
1311 2637 1404 2692 sitiunt
1417 2637 1572 2706 adrentum,
1589 2641 1634 2710 qui
1653 2641 1761 2698 aestibus
1779 2643 1915 2700 calamita-

1125 2718 1179 2761 tum
1192 2717 1320 2763 urniitttr:
1335 2708 1401 2763 siste
1415 2718 1441 2765 te
1456 2711 1580 2766 omnibus
1593 2720 1727 2783 tanlquam
1739 2728 1826 2770 rorem
1841 2717 1914 2772 saiti-

1124 2778 1193 2833 tatis.
1216 2777 1250 2831 lli
1272 2779 1413 2848 baptizatas
1435 2778 1510 2834 leem
1530 2781 1641 2837 ascendit
1662 2782 1694 2837 dc
1714 2800 1799 2854 aqam·
1814 2796 1837 2840 ιι
1860 2803 1915 2842 erec

1123 2850 1204 2928 operti
1219 2857 1277 2904 sant
1290 2849 1312 2904 ιε’
1327 2850 1436 2906 saliret
1450 2851 1510 2905 vidit
1525 2851 1651 2923 Spiritum
1665 2851 1715 2910 bei
1729 2855 1916 2912 dexeiidentent

1122 2929 1186 2974 ticttt
1206 2919 1358 2986 celantiam,
1379 2931 1402 2975 ιι
1421 2923 1557 2978 aenieittein
1571 2925 1741 3005 inperipsant
1760 2925 1865 2999 (Μιιιιι.
1887 2929 1914 2985 5.

1122 2989 1184 3064 lb).
1205 2990 1227 3045 0
1245 2990 1399 3048 admiranda
1417 3001 1444 3048 et
1462 2993 1626 3050 incredibilia
1646 3011 1671 3050 m
1692 2996 1790 3053 sterial
1812 2997 1912 3055 Galum

1122 3060 1263 3117 desursum
1278 3063 1380 3128 adorat,
1403 3077 1482 3138 quem
1496 3064 1574 3134 paolo
1588 3077 1649 3122 ante
1663 3011 1758 3124 liutius
1777 3069 1869 3135 abluit,
1883 3080 1911 3126 et

1121 3129 1236 3205 Spiritus
1253 3143 1361 3190 sanctus
1374 3148 1434 3190 enin
1449 3141 1561 3192 testatur
1573 3133 1668 3204 Deum,
1681 3152 1760 3209 quein
1774 3140 1915 3212 baptizarit

1121 3219 1225 3260 servus.
1246 3203 1280 3260 Et
1298 3219 1423 3262 cceevot
1444 3205 1477 3262 dc
1495 3206 1568 3263 catis
1588 3207 1692 3277 dicens,
1711 3207 1809 3266 ilicett
1829 3209 1914 3267 Filiae

1121 3290 1191 3330 niens
1205 3275 1327 3344 dilectos,
1341 3275 1368 3330 in
1382 3293 1431 3348 qim
1451 3277 1514 3332 attilii
1527 3279 1669 3348 complacui
1682 3277 1736 3350 (li.
1749 3295 1773 3337 ι.
1789 3281 1845 3356 tl).
1865 3283 1913 3338 tlte

1121 3347 1221 3416 estqui
1245 3346 1392 3418 baptizatus
1404 3357 1456 3414 est,
1476 3363 1529 3404 non
1549 3349 1620 3420 quod
1632 3351 1657 3406 ei
1679 3349 1730 3406 lioc
1751 3367 1818 3424 opus
1831 3363 1913 3422 essct,

1122 3417 1169 3472 scil
1193 3419 1293 3472 tantuin
1307 3417 1378 3488 quod
1392 3418 1529 3474 bominum
1549 3435 1642 3476 amore
1661 3430 1813 3479 teneretur:
1836 3425 1859 3480 is
1871 3427 1912 3480 cui

1123 3487 1301 3544 testimonium
1324 3488 1389 3544 dicit
1409 3489 1525 3561 Spiritus
1543 3502 1669 3548 sanctus:
1692 3510 1770 3564 quem
1795 3511 1845 3569 eqo
1866 3495 1911 3568 qni

1122 3559 1205 3629 probe
1217 3558 1292 3614 illurn
1304 3574 1444 3630 noveram,
1458 3561 1582 3616 omnibus
1595 3563 1754 3634 praedicari:
1769 3567 1814 3638 qui
1825 3581 1859 3622 ex
1870 3583 1913 3622 me

1102 3640 1183 3694 ,atne
1202 3631 1299 3686 saecula
1311 3631 1417 3700 genitas
1434 3641 1491 3701 est,
1505 3641 1532 3688 et
1546 3647 1617 3690 nuuc
1634 3649 1666 3690 ei
1680 3635 1762 3692 llaria
1777 3647 1854 3693 natus
1868 3652 1913 3694 se·

1121 3699 1238 3777 cundum
1269 3715 1377 3756 earnem
1395 3719 1400 3754 ι
1421 3704 1465 3773 qui
1489 3704 1721 3761 consubstantialis
1742 3717 1784 3764 est
1807 3708 1871 3765 milii
1886 3720 1913 3765 ιι

1121 3770 1196 3826 robis
1217 3789 1224 3825 ι
1248 3775 1292 3841 qui
1304 3781 1453 3830 coaeternus
1467 3783 1508 3830 est
1521 3773 1634 3842 niibi,et
1653 3777 1798 3835 conformis
1816 3789 1912 3836 vestre

1122 3839 1232 3909 ionitae,
1255 3851 1360 3900 creator
1383 3845 1476 3899 itdmnl
1496 3853 1523 3900 et
1542 3859 1609 3902 mins
1627 3862 1661 3903 ei
1682 3850 1796 3918 posteris
1816 3850 1910 3919 David,

1121 3923 1225 3968 creator
1238 3913 1359 3984 Virginis,
1375 3923 1402 3972 et
1416 3915 1530 3986 Virginis
1544 3917 1622 3984 lilius,
1637 3919 1682 3990 qui
1691 3929 1781 3976 mente
1795 3921 1913 3994 percipi-

1123 3992 1175 4050 tur,
1192 3993 1219 4039 et
1235 3987 1353 4040 exterius
1366 3994 1487 4056 apparet,
1502 3987 1548 4058 qui
1561 3995 1589 4044 et
1601 3985 1655 4045 tlte
1668 3999 1696 4045 et
1710 3993 1768 4048 visit
1782 3991 1911 4057 emititur.

1122 4054 1254 4178 pqerl'ectns
1277 4055 1303 4110 in
1325 4055 1473 4126 divinitate,
1491 4067 1518 4113 et
1530 4057 1664 4129 perlectus
1688 4061 1714 4116 in
1734 4060 1910 4118 immanitate.

1150 4129 1172 4179 ic
1186 4135 1221 4179 ιιι
1234 4125 1317 4180 Filias
1331 4144 1400 4182 iiteai
1414 4126 1529 4184 dilectat.
1543 4128 1592 4186 llic
1604 4131 1687 4199 quiet
1699 4133 1826 4188 miracula
1841 4132 1907 4200 edit,

1099 4218 1101 4226 ·
1122 4206 1151 4252 ιιι
1165 4195 1245 4263 Deus,
1259 4206 1285 4253 et
1298 4200 1397 4268 patitur
1409 4208 1437 4253 ut
1455 4201 1545 4266 liomo,
1562 4211 1688 4260 meusest
1707 4203 1808 4260 Filias:
1825 4218 1913 4274 neque

1121 4267 1191 4322 enim
1205 4283 1269 4322 crux
1282 4283 1298 4324 a
1313 4285 1355 4325 me
1369 4285 1431 4326 euin
1441 4279 1559 4342 separat,
1573 4272 1616 4342 qui
1631 4287 1646 4327 ι
1660 4289 1702 4330 me
1714 4281 1810 4331 natura
1820 4282 1862 4331 ιιι
1872 4275 1911 4330 itt-

1122 4337 1287 4409 scparabilis.
1313 4339 1362 4395 llic
1383 4350 1410 4396 et
1429 4341 1510 4398 clavis
1532 4341 1652 4400 conflans
1671 4359 1749 4401 meus
1762 4345 1912 4402 ettFilirtss

1121 4425 1174 4464 tion
1192 4410 1264 4464 enim
1279 4409 1395 4466 divinant
1413 4421 1534 4469 naturam
1554 4413 1655 4470 laedunt
1670 4415 1748 4472 clavi.
1764 4415 1813 4472 llic
1830 4416 1911 4473 ctiam

1120 4478 1182 4562 dum
1204 4481 1299 4550 patitur
1313 4480 1398 4538 Filius
1416 4491 1458 4540 cst
1472 4499 1565 4554 meum
1583 4485 1756 4568 nequeenim
1771 4487 1828 4556 eius
1841 4485 1911 4542 divi-

1121 4559 1230 4608 nitatem
1244 4554 1334 4623 passio
1344 4564 1432 4623 potest
1442 4557 1583 4626 attingere.
1601 4557 1650 4613 llic
1664 4571 1712 4613 sna
1730 4567 1827 4629 sponte
1839 4573 1912 4613 ntor·

1123 4625 1199 4690 tuus,'
1208 4625 1302 4678 mortis
1314 4625 1472 4680 naturaliter
1481 4627 1661 4697 adversarius,
1675 4642 1751 4684 metis
1760 4638 1803 4684 est
1814 4627 1911 4684 Filius:

1122 4695 1188 4749 niori
1204 4703 1291 4750 autent
1311 4693 1458 4750 secundum
1473 4694 1635 4753 diuinitatem
1654 4713 1741 4769 neque
1757 4699 1912 4755 naturaliter

1123 4764 1201 4831 solet,
1214 4780 1300 4836 neque
1313 4767 1378 4832 rult,
1393 4780 1480 4836 neque
1492 4775 1579 4837 potest
1591 4785 1598 4822 z
1610 4767 1690 4824 vitam
1704 4769 1776 4824 enini
1789 4783 1842 4827 non
1854 4771 1913 4825 vin.

1121 4835 1156 4890 cit
1175 4835 1272 4903 caedes,
1296 4851 1381 4906 nequo
1398 4850 1472 4892 ntors
1485 4846 1593 4908 superat
1609 4838 1846 4896 immortalitatem.
1862 4840 1911 4898 llic

1121 4907 1200 4962 etiain
1215 4921 1398 4977 resurgetisex
1409 4909 1520 4964 mortuis
1534 4925 1609 4966 niens
1629 4920 1670 4966 est
1684 4909 1786 4968 Filius:
1802 4911 1912 4978 etenim,

1122 4984 1150 5030 nt
1163 4976 1285 5032 cotiditor
1307 4976 1435 5042 universi,
1451 4979 1621 5036 resuscitabit
1642 4980 1769 5052 templum
1792 4984 1912 5055 corporis

1120 5047 1172 5113 soi,
1188 5045 1258 5116 quod
1273 5045 1308 5101 ab
1322 5047 1437 5104 inimicis
1448 5051 1505 5106 suis
1525 5050 1635 5116 dissolri
1654 5054 1784 5124 peritiisit.
1806 5053 1855 5112 llic
1868 5055 1912 5131 qtti

1120 5131 1182 5172 cum
1202 5116 1252 5173 liae
1269 5132 1351 5174 carne
1373 5119 1407 5176 ad
1428 5122 1510 5176 caelos
1532 5123 1678 5190 ascendet,
1701 5139 1717 5179 a
1740 5122 1837 5196 quibus
1860 5141 1913 5184 non

1120 5187 1259 5254 abscessit,
1272 5204 1348 5246 incus
1363 5201 1404 5246 ιιι
1416 5188 1511 5248 Filius.
1525 5192 1689 5265 Quicumque
1701 5195 1773 5252 ltunc
1784 5197 1913 5269 suscipit,

1120 5273 1180 5315 cum
1194 5259 1251 5329 ipso
1263 5275 1305 5316 ιιιι
1316 5262 1427 5335 suscipit
1436 5279 1445 5329 ;
1455 5263 1629 5334 quiquebunc
1638 5265 1741 5336 adorat,
1751 5282 1794 5323 nie
1804 5267 1913 5332 adoram

1119 5329 1164 5402 qai
1176 5332 1201 5388 in
1211 5331 1385 5401 bunccredit,
1398 5333 1424 5388 in
1434 5333 1583 5398 tnecredit;
1593 5334 1638 5405 qui
1648 5335 1720 5394 bunc
1738 5338 1913 5409 parvipendit,

1120 5417 1163 5456 ine
1204 5403 1370 5472 amipendit:
1387 5403 1547 5460 contumelia
1557 5406 1655 5478 quippe
1668 5407 1714 5463 lilii
1725 5409 1806 5479 patris
1819 5411 1915 5481 injuria

1120 5481 1171 5554 est.
1186 5419 1313 5554 iiuncqui
1327 5473 1440 5545 excipit,
1452 5489 1537 5546 noque
1547 5477 1652 5534 curiose
1662 5489 1805 5548 scrutatur,
1816 5483 1862 5536 sctl
1873 5497 1914 5536 se·

1122 5556 1161 5597 rto
1184 5543 1262 5610 colit,
1274 5546 1366 5600 beatus
1375 5555 1426 5602 est.
1443 5543 1495 5600 llic
1507 5557 1541 5603 ιιι
1551 5547 1621 5617 lilim
1631 5551 1822 5617 meaedilectttr,
1832 5553 1857 5606 iit
1868 5568 1915 5622 qno

1121 5614 1182 5667 titilti
1200 5615 1349 5687 coiitplacai.
1373 5615 1541 5688 Peccatores,
1556 5621 1655 5676 currite
1666 5619 1699 5676 atl
1714 5636 1775 5677 euin
1788 5622 1833 5694 qai
1849 5621 1916 5679 tollit

1121 5684 1212 5739 mundi
1227 5697 1379 5754 precatuum
1399 5686 1527 5756 damnati,
1544 5692 1749 5760 complectimini
1773 5693 1915 5765 benignum

1121 5753 1257 5822 ludiceni3
1271 5757 1371 5826 vosqui
1386 5759 1573 5828 pcccatisestis
1584 5763 1681 5830 necati,
1697 5763 1915 5821 omniscientem

1123 5838 1273 5897 properate.
1289 5827 1351 5884 ttae
1371 5839 1434 5884 sunt
1455 5830 1604 5888 festivitatis
1618 5833 1742 5906 baptistae
1761 5835 1831 5891 dona
1853 5837 1913 5908 pul·

1123 5897 1265 5968 ciminium,
1282 5899 1338 5956 linc
1351 5903 1440 5962 otnnia
1455 5904 1529 5961 nobis
1542 5903 1663 5976 prebuit,
1678 5905 1722 5976 qui
1745 5914 1853 5980 propter
1868 5921 1916 5966 nos
