4142 6342
180 387 231 446 ibi

212 501 241 556 d.
252 493 366 554 homilia
379 489 559 564 chrysostomi
575 494 634 558 post
647 485 758 542 reditum
773 503 804 543 er
823 491 881 544 hsia
890 534 900 558 ,
910 509 943 550 a

180 605 231 662 qno
243 587 337 643 itinere
348 583 462 640 Asiatico
473 581 622 656 occasiones
632 576 764 634 incusandi
774 577 947 650 chrysostomi
994 599 1173 656 mu„

186 690 290 750 ‚aptatu
302 677 385 732 luere.

142 807 146 814 .
215 766 419 826 stimulasse
429 757 951 830 OratiunculadereeipiendoSeveriano,

178 861 221 933 qui
236 857 411 914 tumultuante
424 853 520 925 populu
534 854 625 924 pulsus
635 850 731 922 luerat.

842 378 872 436 lh
890 383 1091 454 imum

1024 505 1522 611 ''mnu'*'fi·.fi
1659 505 1696 533 ι

1185 631 1291 676 ’Μ

1029 686 1072 739 st
1089 691 1347 768 Mum*
1367 755 1373 765 ¹
1391 741 1551 789 aaa„

1032 775 1369 859 lhfflfflm
1388 832 1550 878 m*-

1034 864 1521 963 '2¹³⁵“vimn-m„
1581 863 1644 988 ἰ’
1715 974 1720 984 Ι

213 954 239 1008 6.
261 948 436 1013 llotniliaseu
447 945 617 1002 oratiuncula
635 942 856 1010 severiani,cun
869 957 956 1000 susee-
1004 951 1220 1023 exsilium

174 1053 237 1110 ptus
249 1046 321 1094 esset
339 1052 356 1092 a
369 1037 448 1094 beato
459 1035 562 1092 toanuc
580 1033 706 1102 episcopo
718 1029 960 1101 Constantinopoli-

174 1143 251 1187 vanu.

212 1223 238 1278 7.
254 1219 368 1278 iiomilia
382 1229 524 1290 antequam
534 1215 624 1281 iretin
637 1212 769 1280 exsilium,
784 1221 812 1268 et
824 1220 898 1268 vetus
907 1228 961 1268 ver·

173 1313 213 1366 sio
230 1311 322 1367 Latiam
333 1310 462 1381 ejusdem.

212 1404 240 1460 8.
253 1403 344 1460 elteri
355 1411 496 1472 autequam
510 1399 561 1455 iret
573 1398 599 1454 in
613 1396 751 1459 exsilium,
762 1397 890 1456 crisim.

1012 1317 1064 1364 ittr.

1044 1219 1485 1326 ilueamniallpnruhenumn
1499 1273 1581 1326 w.
1612 1308 1629 1327 .
1646 1316 1673 1344 .,

879 1668 980 1726 einch
1000 1669 1089 1726 uuus
1156 1639 1160 1648 ’

619 1827 847 1906 SEQUENTES
868 1825 909 1888 IN
929 1823 1159 1890 EUTROPIUM
1180 1829 1365 1905 nohtttths

757 1985 1206 2103 montrum.

211 2227 354 2298 Eutropius
367 2215 597 2290 eunuchnsgratia
615 2209 685 2282 apud
703 2207 894 2277 Imperatorem
910 2197 961 2252 hr-

174 2319 280 2376 cadium
299 2314 441 2387 plurimum
455 2309 570 2374 ualebat,
587 2304 697 2374 ejusque
709 2296 820 2354 consilio
833 2301 860 2349 ct
871 2301 963 2345 aueto-

174 2413 254 2468 ritate
266 2422 378 2480 quaeque
391 2404 506 2460 maxima
533 2397 640 2468 imperii
664 2391 768 2464 tteqotia
790 2386 960 2460 gerebantur.

175 2503 202 2558 is
216 2515 276 2556 eum
289 2497 398 2555 ioannis
408 2487 592 2565 chrysostomi
606 2486 633 2542 in
657 2483 751 2539 sedem
772 2475 961 2534 Constantinu-

175 2592 319 2663 politauam
350 2580 524 2657 promovendi
553 2587 646 2634 auctor
669 2573 783 2638 luisset,
805 2567 879 2624 initio
904 2564 962 2637 ejus

174 2681 283 2738 monitis
303 2677 456 2749 placitisque
468 2672 538 2727 haud
561 2684 631 2739 repre
657 2679 758 2720 morem
773 2659 889 2732 gerebat.
908 2655 962 2712 Sed

174 2788 237 2830 cum
255 2785 316 2828 eum
339 2767 370 2826 S.
387 2769 484 2822 beetur
500 2764 535 2818 ob
550 2759 690 2816 avaritiam
713 2752 957 2819 ambitionemque,

173 2863 260 2919 amieo
284 2861 345 2915 licet
360 2859 472 2922 animo,
498 2853 651 2923 lrequenter
666 2846 838 2916 objurgaret,
860 2841 886 2894 in
901 2839 960 2909 ejus

173 2953 279 3011 tandem
307 2951 480 3008 offensionem
507 2943 626 3000 incurrit.
642 2941 714 2996 luter
738 2938 788 2992 alia
802 2948 885 3000 vero,
900 2946 960 3004 quae

171 3054 269 3116 prater
284 3040 467 3115 chrysostomi
486 3037 628 3096 eonsilium
650 3043 678 3089 et
700 3030 861 3087 voluntatem
887 3025 959 3081 desi·

171 3138 262 3208 qnavit
272 3136 426 3203 Eutropius,
445 3133 531 3203 leqem
545 3127 608 3186 lcrri
617 3125 729 3191 curavit,
745 3132 773 3179 ut
787 3120 854 3194 asyli
871 3127 896 3175 ct
907 3118 959 3176 im·

172 3226 310 3282 munitatis
327 3225 371 3294 jus
392 3222 514 3280 ecclesiis
531 3219 680 3275 tolleretur.
694 3215 793 3272 Verum
816 3213 842 3270 id
865 3213 910 3268 ille
932 3210 958 3266 in

172 3317 267 3388 rapitis
279 3317 319 3372 sui
334 3317 478 3387 pernicicm
489 3313 595 3368 molitus
607 3321 648 3367 est
659 3325 737 3366 :cum
747 3307 817 3364 enim
829 3303 955 3360 Consula-

172 3417 230 3464 tum
242 3407 304 3469 anni
318 3401 651 3476 undequadrinqentcsinti,
667 3399 775 3456 Arcadii
800 3406 877 3464 nutu,
893 3411 958 3452 ron·

171 3507 298 3570 sequutus
308 3507 397 3564 esset,
411 3497 595 3552 universorum
609 3494 636 3550 in
650 3508 679 3548 se
701 3491 791 3548 odium
804 3487 958 3546 concitavit.

171 3591 239 3646 Tum
263 3589 423 3658 Tribiqildus
442 3588 594 3651 Tribunus,
630 3585 698 3640 elam
725 3583 830 3640 hvveute
855 3580 956 3648 Gaius,

169 3687 260 3736 coacta
281 3679 394 3739 rnilitum
413 3693 511 3743 meatu,
530 3693 548 3732 a
567 3674 741 3733 formidulosa
765 3673 884 3744 principe
905 3671 956 3726 int-

169 3772 300 3842 petravit,
314 3780 344 3826 ut
354 3770 439 3841 qratlu
454 3769 615 3840 dejiceretur
627 3767 768 3838 Eutropius
787 3765 870 3837 :qni‚
885 3762 956 3835 quud

170 3879 252 3918 unum
276 3863 326 3934 ipsi
352 3862 502 3933 perfugiunt
520 3861 655 3920 residuunt
673 3869 741 3928 erat,
764 3859 791 3916 in
814 3859 956 3916 eeclesiam

169 3971 200 4012 se
213 3955 323 4025 recepit,
338 3963 365 4010 et
376 3955 489 4026 asplvtu,
500 3953 571 4025 quod
589 3953 633 4010 illc
650 3952 831 4024 abrogandum
846 3967 957 4008 curave·

169 4054 222 4112 rat,
235 4047 346 4116 supplex
360 4046 552 4103 adirecoactus
565 4055 617 4102 est.
632 4045 773 4102 Unustum
792 4052 819 4099 et
843 4043 910 4115 asyli
929 4052 957 4100 et

86 4187 94 4193 .
170 4136 292 4207 Eutropii
307 4136 430 4194 delcusor
442 4137 528 4192 adluit
548 4137 771 4208 chrysostomus,
786 4135 831 4206 qui
852 4134 957 4191 lortiter

169 4237 197 4283 et
210 4228 324 4289 militum
339 4230 447 4303 impetui
474 4239 502 4284 et
516 4228 687 4298 imperaturis
709 4227 817 4282 decreto
831 4226 954 4295 obstitit,

167 4327 195 4375 el
219 4335 254 4376 oe
273 4320 320 4390 jus
348 4321 469 4376 ecclesiae
488 4319 632 4376 violaretur
646 4319 744 4374 eliscit.
770 4318 869 4374 Verum
898 4318 956 4374 itast

167 4412 289 4480 pluribus
312 4411 340 4466 in
352 4410 413 4466 Vita
428 4409 622 4482 chrysostomi.
637 4409 797 4480 insequente
821 4419 881 4480 post
901 4409 956 4465 Eu-

169 4500 250 4570 tropii
272 4501 300 4554 in
313 4500 454 4556 eeclesiam
480 4512 617 4570 receptum
632 4501 695 4567 die,
710 4499 780 4556 banc
791 4500 956 4572 elegantissi-

167 4605 239 4644 mam
252 4591 408 4648 concionem
425 4591 518 4646 habuit
534 4591 739 4661 chrysostomus
753 4609 760 4644 ι
773 4593 818 4647 ubi
838 4592 872 4647 de
883 4591 955 4646 tiara

166 4694 258 4736 rerum
271 4679 445 4738 humanarum
459 4681 612 4738 conditione
626 4683 736 4737 miriivce
747 4682 877 4750 disserit,
899 4681 954 4736 Eu·

166 4771 283 4841 tropium
295 4774 448 4844 compellat,
463 4772 574 4843 exponit
594 4789 673 4845 quam
689 4774 838 4830 inconsulto
855 4774 954 4830 immu-

164 4862 275 4925 nitatem
287 4864 408 4923 ecclesie
420 4863 521 4920 violare
533 4865 674 4920 tentaverit
688 4905 697 4930 ,
720 4880 799 4936 quam
813 4867 869 4936 ipse
882 4868 954 4935 prior

164 4950 282 5017 adireet,
290 4964 418 5024 expetere
428 4955 581 5026 conpulsus
591 4956 626 5012 sit
638 4974 645 5012 ι
656 4955 689 5012 ad
700 4956 758 5027 ejus
769 4965 856 5012 tamen
873 4957 955 5012 mise·

164 5039 306 5097 ricordiam
327 5046 417 5112 populi
439 5045 590 5102 emtum-ita
621 5047 747 5118 pathetice
772 5046 903 5120 perpulit,
925 5056 955 5104 ut

165 5130 284 5187 enutriunt
296 5131 427 5204 lacrymas
440 5145 585 5192 excuteret.

200 5221 306 5291 Elapsls
320 5224 461 5293 postillam
475 5225 592 5282 habitant
607 5229 743 5286 homiliam
769 5231 869 5303 aliquot
894 5233 952 5288 die-

163 5314 225 5378 bus,
237 5313 379 5384 Eutropius
393 5326 422 5371 ut
433 5315 600 5373 inimieorum
612 5321 736 5377 excubias
751 5321 863 5391 ialleret,
878 5338 953 5380 sese·

163 5423 216 5478 que
231 5408 389 5478 proriperet,
404 5409 439 5464 ab
451 5411 563 5466 ccclesia
586 5411 695 5483 aulnqit.
713 5413 810 5469 ilerum
834 5423 927 5486 captus
942 5455 951 5482 ,

162 5513 278 5568 moxque
299 5497 457 5580 inlcyprunr
476 5501 629 5572 relegatus,
655 5505 804 5577 deindeque
819 5506 888 5564 haud
915 5508 952 5564 ita

162 5593 248 5652 multo
272 5591 365 5661 elapso
381 5600 503 5664 tempore
526 5592 721 5652 chalcedonem
741 5596 880 5666 adductus,
902 5598 951 5653 da·

161 5695 270 5745 matos
279 5685 422 5757 capiteque
431 5685 524 5755 plexus
544 5694 595 5742 est.
610 5687 685 5744 ilanc
700 5704 779 5758 porro
795 5689 949 5760 tragediam

162 5776 189 5830 in
201 5775 259 5831 tha
271 5777 456 5851 chrysostomi
466 5779 499 5833 ad
514 5793 613 5833 anmvm
628 5778 680 5834 obe
695 5780 813 5848 pluribus
826 5795 949 5836 recense-

318 5873 348 5936 S.
369 5876 462 5938 iuss.
484 5871 659 5935 Cnnvsosr.
683 5869 737 5930 lli.

1016 2196 1105 2254 bimus
1121 2213 1170 2254 :ac
1183 2200 1264 2256 muita
1277 2219 1335 2274 quac
1355 2211 1387 2264 ad
1409 2213 1474 2274 haue
1494 2225 1623 2292 hrum

1015 2290 1126 2355 intacta,
1145 2289 1189 2346 vel
1203 2293 1323 2350 intricata
1344 2300 1496 2377 admodum,
1516 2317 1549 2372 se
1570 2257 1744 2384 emma

1016 2397 1132 2454 namque
1143 2399 1233 2442 rerum
1244 2390 1340 2445 seriem
1355 2395 1501 2457 reducimus
1511 2405 1561 2464 hie.
1673 2349 1763 2406 m

1053 2475 1100 2531 Vix
1126 2478 1224 2549 elapsis
1243 2479 1345 2538 duobus
1370 2497 1429 2554 post
1453 2491 1567 2567 Eutropii
1583 2503 1667 2578 hap„
1689 2516 1779 2584 ιὰ,

1014 2568 1172 2626 concionem
1200 2581 1356 2644 sequentem
1378 2575 1468 2634 babuit
1499 2585 1717 2662 chrpsnnm,
1738 2627 1777 2672 a„

1015 2659 1177 2728 quibusdam
1190 2665 1336 2734 praemissis
1348 2666 1381 2724 de
1395 2671 1505 2730 utilitate
1518 2677 1633 2742 lectionis
1644 2691 1783 2764 divinar..

1013 2749 1222 2824 Scriptururum,
1241 2757 1377 2816 obsessam
1404 2765 1493 2831 paucis
1509 2779 1569 2828 ante
1591 2777 1681 2839 dicbus
1703 2795 1785 2852 seur..

1012 2843 1080 2898 aiam
1105 2845 1187 2903 luisse
1212 2859 1302 2906 narrat
1317 2892 1324 2919 ,
1341 2868 1428 2924 neque
1442 2865 1527 2914 tanton
1546 2867 1665 2928 traditum
1680 2877 1789 2946 inimicis

1013 2935 1186 3008 Eutropium,
1207 2943 1287 3012 quisi
1301 2947 1440 3003 eeclesiam
1456 2966 1507 3006 tlon
1520 2951 1690 3034 deseruisset,
1700 2987 1788 3045 capp„

1016 3045 1160 3102 numquam
1187 3032 1291 3092 luisset.
1316 3037 1427 3096 Fluxam
1449 3042 1542 3098 ilerum
1567 3047 1733 3118 humanarum
1750 3067 1789 3124 ἡ.

1012 3126 1141 3182 euitatum
1165 3128 1371 3204 divitiarumque
1388 3135 1566 3196 conditionem
1592 3145 1726 3210 ubuculus
1747 3177 1792 3230 po.

1011 3217 1070 3275 nit:
1085 3219 1275 3293 desertumque
1288 3225 1353 3281 dicit
1372 3229 1406 3282 ah
1420 3229 1532 3297 amicis,
1548 3248 1563 3288 a
1587 3233 1754 3316 domesticis,
1777 3269 1794 3312 ι

1011 3306 1124 3366 turtinis
1148 3312 1272 3369 omnibus
1293 3315 1460 3388 Eutropium.
1480 3319 1620 3394 blultisqtte
1642 3331 1735 3392 additis
1757 3341 1790 3399 de

1010 3413 1076 3454 vero
1091 3400 1263 3474 legitimoque
1276 3405 1429 3465 divitiarum
1444 3427 1503 3481 visu,
1515 3413 1602 3485 deque
1617 3417 1668 3473 vita
1681 3437 1796 3491 praten.

1011 3489 1041 3553 ti,
1056 3506 1135 3560 quam
1150 3496 1392 3565 peregrinationem
1410 3517 1471 3559 esse
1490 3517 1691 3579 commonstrat,
1705 3516 1736 3570 ad
1750 3519 1798 3578 Ee·

1010 3578 1100 3636 elusim
1123 3580 1214 3638 laudes
1230 3587 1345 3656 transii,
1361 3589 1473 3662 ejusque
1487 3596 1595 3666 nuptias
1606 3613 1668 3655 cum
1694 3602 1798 3667 christo

1010 3669 1131 3740 pluribus
1158 3679 1337 3748 prosequitur,
1362 3681 1415 3740 boe
1442 3677 1596 3757 irequetvlcr
1619 3678 1683 3750 usus
1703 3694 1800 3758 l‘salmi

1009 3762 1204 3836 quadragesimi
1212 3772 1300 3840 quarti
1310 3775 1453 3846 versiculo,
1465 3779 1567 3837 Adstitit
1577 3784 1665 3856 reqinu
1677 3803 1693 3841 c
1707 3787 1800 3850 destris

1010 3853 1059 3908 tuia
1073 3853 1099 3908 in
1113 3857 1201 3912 uectitu
1226 3860 1358 3930 dwurato,
1383 3875 1435 3926 etc.
1462 3868 1546 3941 iittjns
1565 3881 1652 3930 autem
1676 3879 1801 3940 versiculi

1008 3947 1149 4004 occasione
1162 3951 1276 4013 Savilius
1289 3967 1316 4014 et
1329 3958 1429 4017 Eronto
1445 3963 1555 4022 llueuus
1566 3967 1634 4025 hanc
1644 3972 1800 4034 concionem

1009 4039 1078 4094 inter
1093 4041 1223 4102 humilias
1234 4050 1321 4107 uarias
1336 4051 1363 4108 in
1385 4053 1505 4112 Psalmos
1519 4057 1690 4132 locaverunt,
1713 4067 1800 4124 reela·

1008 4134 1170 4190 mantelicet
1183 4148 1210 4193 et
1224 4139 1299 4199 titulo
1313 4152 1339 4200 et
1356 4146 1437 4216 priori
1457 4147 1573 4207 homilire
1593 4161 1681 4222 parte,
1697 4155 1743 4212 ubi
1766 4157 1800 4216 de

1008 4231 1113 4293 captor
1126 4227 1253 4286 militibus
1268 4233 1396 4307 Eutropio
1411 4239 1530 4310 pluribus
1541 4242 1638 4313 agitur.
1656 4245 1801 4306 Enimvero

1008 4312 1067 4369 hec
1081 4314 1189 4375 homilia
1204 4320 1311 4379 ubinam
1328 4329 1496 4386 commodius
1512 4331 1623 4402 locetur,
1637 4350 1717 4407 quam
1735 4349 1797 4409 pust

1008 4401 1080 4460 illam
1093 4407 1151 4478 ipso
1164 4424 1294 4480 presente
1307 4415 1435 4490 Eutropio
1450 4421 1586 4478 habitam?
1601 4424 1629 4481 ln
1643 4427 1687 4483 illa
1700 4429 1799 4500 quippe

1008 4495 1042 4552 de
1055 4500 1183 4574 Eutropio
1196 4507 1317 4564 ecelesiae
1327 4512 1431 4582 asylum
1444 4523 1474 4570 et
1486 4515 1639 4585 presidium
1655 4519 1799 4590 imploran-

1008 4597 1034 4646 le
1055 4592 1158 4661 agitur3
1179 4595 1205 4652 in
1225 4595 1276 4654 bac
1289 4601 1400 4658 vcrode
1426 4603 1520 4660 codem
1545 4607 1667 4664 eunucho
1680 4610 1795 4680 postdi·

1008 4683 1120 4740 missum
1141 4686 1263 4744 ecclesie
1277 4691 1380 4761 asylum
1393 4702 1471 4764 capito
1494 4711 1585 4754 sermo
1597 4699 1719 4758 habetur.
1741 4703 1799 4760 liu-

1004 4774 1122 4846 jusmodi
1143 4788 1232 4834 autem
1258 4780 1380 4840 homilias
1393 4789 1554 4858 separandas
1569 4807 1621 4848 non
1636 4808 1706 4860 esse,
1731 4809 1793 4854 eum

1008 4866 1064 4937 ipsa
1075 4869 1154 4932 ratio.
1169 4879 1225 4926 tum
1250 4873 1425 4944 eruditorum,
1440 4894 1507 4950 quos
1521 4883 1711 4953 consuluimus,
1725 4885 1799 4958 judi-

1006 4960 1228 5022 ciumsuadebat.

1043 5052 1174 5110 caeterum
1188 5055 1214 5111 in
1228 5056 1278 5114 hac
1290 5061 1432 5130 posteriori
1446 5061 1554 5120 bomilia
1566 5066 1798 5141 chrysostomusa

1006 5146 1087 5202 solitu
1097 5147 1202 5214 dicendi
1225 5165 1323 5220 qenere
1335 5169 1387 5209 non
1400 5169 1493 5226 parum
1507 5157 1635 5216 delicetit.
1652 5162 1701 5219 ilic
1725 5166 1797 5222 cnint

1006 5235 1078 5292 illam
1092 5251 1141 5294 eeu
1156 5248 1251 5319 sponte
1268 5239 1394 5300 liuentem
1410 5257 1503 5306 saneto
1515 5253 1616 5308 doctori
1641 5253 1798 5314 latitiliarem

1006 5326 1164 5398 elegantiam
1180 5347 1233 5388 non
1246 5332 1481 5406 deprehendimus.
1498 5339 1632 5402 Orationis
1643 5361 1728 5418 gertus
1744 5366 1796 5405 non

1005 5418 1150 5489 expolitum
1175 5433 1232 5492 est,
1260 5425 1307 5482 sed
1322 5427 1464 5503 strigosum
1491 5441 1519 5489 et
1542 5435 1692 5493 intricatum
1708 5457 1716 5495 ι
1731 5441 1798 5498 ortle

1006 5513 1197 5568 sententiarum
1222 5515 1384 5588 interceptus
1410 5519 1570 5597 plerumque
1593 5545 1600 5582 t
1622 5515 1798 5588 interturbata

1005 5602 1099 5668 series,
1112 5614 1140 5659 ut
1161 5605 1204 5660 vis
1215 5608 1304 5677 capias
1317 5623 1368 5678 qua
1382 5609 1416 5666 de
1428 5625 1510 5669 eausa
1522 5614 1559 5671 alr
1571 5615 1623 5672 hoe
1640 5633 1797 5691 argumento

1004 5693 1031 5748 in
1047 5693 1111 5750 illud
1128 5703 1256 5753 transcat.
1273 5698 1392 5770 benique
1405 5717 1454 5773 per
1465 5711 1546 5760 totam
1561 5706 1697 5766 homiliam
1713 5716 1799 5784 multa

1003 5784 1109 5841 videtur
1124 5786 1209 5843 inlusa
1225 5790 1408 5861 peregrinitas.
1424 5793 1470 5851 llis
1481 5794 1550 5852 haud
1565 5797 1645 5855 dtrbic
1657 5815 1797 5872 permotus

1571 5882 1713 5974 (Treta.)
