4142 6342
280 356 331 447 qu
618 351 1054 417 s.rosuurscuntsosrom
1075 324 1514 416 accurun'ocusrsuamor.
1865 348 1918 407 ore

283 470 399 548 lium
419 480 595 545 msc.
617 473 647 531 Si
665 474 737 533 enirn
751 474 869 549 duorum
881 476 1092 551 martyrisnon·
1126 490 1159 534 ex
1182 493 1229 534 nre
1249 478 1393 551 ciinpuium
1405 496 1413 535 c
1425 487 1488 537 tunc
1506 485 1602 535 murra
1622 472 1777 542 inmaturis
1794 483 1867 529 ΜΝ
1886 485 1917 525 0⁵

286 562 585 635 incanescente
603 574 631 624 et
646 569 810 639 commanda
822 568 938 639 diabole,
952 586 1002 629 cur
1012 586 1072 629 mm
1126 568 1215 641 liupua
1227 584 1358 627 vacuum:
1374 578 1438 627 tuuc
1450 569 1544 627 cratin
1562 565 1653 641 pueris
1667 566 1757 625 mollis
1765 562 1851 631 radis,
1870 558 1917 619 seu

202 714 206 725 ,
282 657 440 716 abscidisti?
456 657 729 719 cordosertationunt
751 672 937 736 argumentum
957 664 1076 723 condi-¹
1125 660 1228 719 tructus
1249 661 1400 734 perlectum
1419 661 1463 718 tric
1488 668 1576 718 sutem
1598 659 1704 731 etipsa
1726 655 1803 715 radis
1827 652 1917 713 ablata

282 752 389 819 misisti,
405 751 580 810 mundium
591 754 988 827 occlusistilQoemsdmodmu
999 757 1073 814 enirn
1125 763 1197 821 erat,
1222 763 1248 814 et
1273 754 1375 813 tructus
1397 753 1535 830 permotio
1561 769 1615 811 nnn
1636 749 1829 825 prohibebatur
1849 765 1856 804 ε
1874 754 1917 805 ast

201 918 205 923 ,
281 842 467 914 siqolsonrni
490 847 665 905 certaminum
684 863 785 921 senem
803 847 962 919 inmaturus,
974 847 1073 907 deinde
1125 848 1197 905 eninr
1221 863 1273 906 ror
1300 849 1397 921 linguas
1416 848 1529 907 tructus.
1553 846 1623 905 Sunt
1645 859 1739 915 reuera
1765 839 1916 915 posteriora

281 931 373 1005 paors
388 936 535 1008 accepisset
554 936 686 1011 inpcntes,
704 948 734 998 ct
756 954 818 998 cunt
837 939 937 1000 deinde
958 939 1073 1013 amplius
1125 939 1258 1013 prioribus
1271 940 1444 999 mirabiliora.
1464 938 1630 1007 illusimus
1648 935 1690 995 his
1709 934 1790 993 fldem
1801 946 1857 990 non
1868 928 1916 987 ad·

281 1024 409 1086 nsisters
421 1044 474 1087 noo
487 1030 599 1102 ralcret,
615 1049 711 1091 manos
728 1034 850 1101 sbscludi
859 1034 1015 1093 aduersario
1026 1033 1072 1108 ju·
1126 1030 1250 1102 bibentis,
1265 1034 1309 1091 illu
1322 1040 1463 1105 propterea
1482 1038 1687 1103 praecesserunt,
1706 1036 1736 1087 nt
1753 1026 1781 1085 in
1795 1025 1839 1096 bis
1860 1038 1914 1082 nou

252 1200 256 1211 ἱ
281 1118 369 1191 beret,
385 1136 500 1196 sumnus
517 1125 557 1183 sic
579 1129 740 1199 percuteret,
760 1144 814 1186 non
826 1128 881 1201 iam
900 1128 953 1184 ulia
975 1126 1073 1200 probs·
1124 1127 1324 1195 conturbemur,
1344 1143 1405 1184 cum
1428 1127 1455 1183 iu
1477 1124 1530 1183 illis
1550 1123 1630 1181 luerit
1644 1122 1751 1180 animus
1768 1126 1914 1180 assuetus:

281 1213 355 1273 ‘5⁰³0
372 1214 441 1289 Opts
460 1227 532 1280 estet
550 1219 583 1276 ad
599 1218 795 1279 decernendam
814 1221 954 1278 victoriam
973 1219 1010 1289 ei,
1027 1218 1072 1277 coi
1125 1216 1185 1276 ldco
1206 1219 1264 1277 ltaec
1277 1228 1437 1286 euenerunt,
1453 1229 1484 1276 ut
1507 1218 1553 1275 illa
1565 1232 1625 1289 qua
1644 1215 1728 1273 latent
1747 1222 1776 1271 et
1792 1220 1855 1269 sunt
1869 1225 1916 1267 rc·

281 1303 395 1365 tuissent
412 1324 510 1368 manus
521 1312 651 1370 abscisa:
665 1313 701 1371 its
720 1314 800 1371 etiam
812 1314 840 1370 in
860 1322 979 1387 manyrc
990 1326 1072 1383 sper·
1125 1319 1193 1380 tera,
1206 1327 1240 1369 ex
1259 1310 1407 1369 manifestis
1427 1324 1454 1367 ct
1467 1310 1499 1367 iis
1516 1326 1576 1383 quse
1590 1314 1653 1369 suut
1667 1320 1762 1367 roccas
1775 1305 1914 1373 laetacrc·

282 1398 418 1459 tissirmm
445 1403 565 1461 omniurn
593 1415 778 1478 argumentum
803 1405 922 1463 νωωήω
943 1402 1072 1463 advorsus
1123 1400 1231 1459 dantur.
1248 1403 1293 1460 Sic
1308 1403 1451 1475 aliquando
1464 1403 1578 1459 toronis
1598 1415 1705 1475 quoque
1723 1400 1799 1472 virga
1812 1396 1912 1465 lloruit,

281 1490 415 1551 diabolum
426 1494 477 1555 isit
487 1497 584 1571 liuguae
594 1500 677 1571 ipsius
687 1499 844 1571 amputatio.
857 1498 925 1555 liam
934 1497 987 1556 etsi
999 1512 1072 1555 mor·
1124 1495 1193 1550 sicut
1211 1510 1283 1552 nunc
1302 1510 1333 1551 os
1347 1496 1474 1567 martyris
1498 1494 1666 1567 germinavit.
1685 1487 1914 1563 sodomitanus

281 1584 344 1641 talis
356 1596 414 1642 erat
434 1586 533 1660 tropus,
549 1591 610 1661 ouis
625 1599 714 1647 nmen
734 1604 766 1648 ea
778 1589 890 1647 mtners
908 1587 1071 1646 immortalia
1123 1600 1202 1645 causa
1225 1588 1298 1661 virga
1324 1596 1385 1645 tunc
1412 1588 1526 1645 daronis
1552 1586 1710 1659 germinarit
1733 1582 1827 1657 (liuor.
1854 1580 1912 1653 illl

281 1674 388 1734 diabolo
400 1678 506 1749 indixit,
517 1690 656 1753 propterea
667 1682 695 1738 in
708 1681 949 1739 illamrirossuum
958 1678 1069 1749 eluant,
1124 1677 1254 1747 Quoniam
1269 1678 1396 1736 sacerdos
1417 1677 1587 1736 contumeliis
1599 1676 1774 1733 alliciebatur.
1792 1673 1913 1755 Quanam

280 1767 330 1825 sibi
343 1769 449 1839 quidem
471 1773 558 1845 majus
572 1773 690 1832 dedecus
709 1775 836 1845 ederem,
850 1773 962 1849 martyri
979 1781 1070 1830 tunm
1122 1780 1211 1828 tutem
1223 1772 1257 1829 dc
1278 1787 1357 1829 causa
1372 1787 1443 1829 nuuc
1461 1786 1493 1828 os
1507 1770 1631 1843 martyris
1649 1764 1826 1841 germinaritl
1840 1764 1913 1833 Quo·

251 1859 254 1864 ’
280 1875 405 1919 mannam
425 1864 634 1938 splendidiorem
652 1867 778 1925 roddens.
796 1867 831 1925 tlt
851 1866 925 1925 enim
948 1865 1071 1922 mirabile
1122 1864 1193 1921 niam
1213 1864 1378 1937 blasphemia
1397 1870 1425 1921 ct
1438 1863 1587 1921 maledictis
1600 1859 1783 1917 incessebatur
1796 1870 1909 1928 magnus

285 1962 325 2010 cst
339 1955 473 2013 naborem
497 1958 556 2015 sine
579 1957 669 2015 radice
689 1958 799 2028 intueri,
820 1974 855 2031 ac
878 1958 987 2017 durium
1010 1957 1070 2015 mus
1121 1955 1470 2015 Pontifextesusuurtstus.
1484 1944 1911 2027 iidecrgoouantasitlmiraeuli

280 2045 354 2107 lonts
365 2064 373 2105 s
384 2049 515 2107 sicetiam
527 2064 621 2108 uocem
634 2050 694 2109 sine
705 2052 805 2123 lingua.
1121 2048 1245 2131 cognatio
1265 2057 1293 2105 et
1311 2047 1478 2105 excellentia.
1499 2042 1727 2115 Quemadmodum
1748 2039 1819 2121 enim
1837 2038 1911 2109 virsa

313 2144 341 2201 d.
359 2142 455 2201 Costro
474 2147 588 2217 eon-qui
607 2162 742 2220 corporum
759 2145 934 2203 imecurt
951 2159 1070 2201 nonus-
1121 2142 1168 2198 illu
1182 2158 1236 2199 non
1247 2142 1321 2199 unita
1338 2140 1432 2219 radici,
1446 2154 1497 2197 nec
1510 2154 1543 2195 ss
1558 2147 1629 2195 terra
1639 2135 1748 2193 uehens
1759 2132 1910 2195 burnorcm,
2016 2138 2018 2141 ’

277 2234 460 2294 tun-tibi
478 2252 549 2294 nuuc
562 2246 636 2304 sunt,
649 2238 693 2310 qui
713 2252 857 2311 corporum
877 2236 1068 2294 resurrcctionl
1120 2235 1168 2295 scd
1190 2234 1262 2293 illius
1286 2249 1367 2313 succo
1392 2233 1498 2307 penitus
1516 2230 1637 2303 priuata,
1656 2242 1689 2286 ac
1710 2224 1814 2301 perdita
1837 2220 1912 2281 vitali

227 2394 232 2403 p
278 2340 332 2385 son
348 2326 480 2384 cedomi
503 2329 571 2385 Ecce
592 2344 643 2386 ror
664 2337 842 2397 mortuaest,
865 2338 894 2387 et
910 2328 1069 2387 revisitat
1121 2328 1302 2401 lrugilersqus
1322 2328 1430 2396 virtute,
1453 2334 1563 2400 repente
1585 2322 1708 2383 uocum.
1722 2316 1839 2377 ostendit
1851 2333 1862 2399 ².
1872 2315 1912 2373 ita

277 2432 332 2475 uno
353 2428 490 2475 momento
514 2420 640 2491 temporis
660 2428 772 2494 utpaoue
793 2418 862 2476 lacta
882 2426 954 2476 sunt.
969 2419 1068 2489 Quan-
1119 2420 1245 2478 uimirum
1261 2421 1419 2493 uicouoquo
1433 2432 1486 2475 rou
1501 2414 1706 2487 radicoprirata
1719 2405 1910 2469 ctrimcxin·

277 2525 357 2583 quam
371 2510 422 2569 laos
434 2511 513 2584 tonos
527 2513 612 2583 maius
631 2520 684 2582 est,
697 2527 777 2584 quam
789 2526 933 2584 corporum
945 2527 1066 2569 resurre-
1119 2524 1268 2575 strumento
1277 2530 1330 2573 non
1349 2514 1461 2580 balans,
1475 2514 1500 2569 ir
1515 2512 1587 2568 sicco
1597 2517 1624 2567 et
1637 2504 1721 2566 sterili
1736 2520 1784 2583 ore
1798 2506 1911 2575 raporut

272 2600 333 2658 ctio
347 2618 355 2657 ε
367 2610 430 2659 caru
439 2598 494 2660 illic
503 2602 610 2674 quidem
625 2612 719 2661 notura
726 2618 871 2674 corporum
882 2612 925 2661 est
935 2604 1066 2675 subiecta,
1119 2609 1287 2680 pornioovtt.
1309 2609 1340 2665 tn
1363 2608 1414 2665 troc
1432 2604 1540 2678 quidem
1553 2600 1688 2676 cognatio,
1704 2599 1732 2656 in
1745 2596 1799 2655 alio
1819 2601 1909 2651 autem

278 2694 537 2767 mobilitantium
553 2696 640 2752 tolum
652 2704 694 2753 est
705 2695 833 2752 dissoluta
846 2714 853 2751 t
867 2694 911 2751 hit
929 2710 995 2752 teto
1006 2696 1067 2752 tub·
1119 2711 1161 2759 est
1173 2700 1332 2757 excellentia
1347 2716 1354 2753 ε
1369 2699 1438 2755 intcr
1453 2707 1594 2769 utrumque
1607 2694 1678 2751 euim
1700 2690 1816 2749 fructum
1838 2686 1909 2743 mul·

277 2786 358 2843 latum
371 2786 505 2846 luittocls
521 2788 607 2861 ipsunt
621 2788 840 2856 tundamentum,
855 2787 902 2845 scd
919 2796 1008 2843 tamen
1034 2802 1066 2845 es
1119 2802 1174 2848 tum
1188 2792 1308 2849 interest.
1322 2788 1388 2847 Num
1411 2790 1457 2847 illc
1473 2788 1581 2862 quidem
1597 2786 1704 2844 seruilis
1717 2790 1784 2850 crat,
1807 2781 1850 2837 lrlc
1862 2795 1909 2861 au-¹

159 2926 166 2941 ,
276 2878 439 2949 splendidior
450 2895 542 2936 nrrsus
558 2888 601 2937 cst
613 2878 690 2937 lacta.
704 2879 850 2948 Enimvero
864 2879 887 2935 si
905 2894 922 2935 a
937 2879 1000 2936 tibia
1015 2879 1066 2935 liu·
1118 2895 1172 2943 sem
1186 2885 1341 2957 spiritualis,
1357 2892 1384 2941 et
1398 2884 1470 2955 ipsos
1487 2882 1568 2939 celos
1589 2874 1822 2952 operiensei,t1pi
1845 2881 1909 2950 tuuc

273 2972 350 3043 polos
361 2972 512 3038 abstuleris,
523 2972 752 3042 inutilcdeinceps
760 2970 833 3042 lacot
842 2970 1045 3029 instrumentum
1055 2988 1068 3053 ς,
1116 2990 1177 3033 mm
1191 2990 1285 3033 rocem
1304 2975 1434 3032 ediderat.
1450 2974 1503 3030 Pro
1521 2973 1564 3029 bis
1582 2969 1707 3028 omuibus
1720 2964 1833 3039 murtpri
1844 2970 1906 3037 pra·
1945 3028 1949 3037 ¹

274 3076 367 3119 ΜΝ
389 3078 443 3118 ⁰⁰¹¹
459 3062 499 3120 ⁸50
519 3062 583 3119 libii
601 3063 755 3133 illllllilid·
774 3062 825 3119 Μ
843 3062 951 3120 ΜΘΝ
973 3063 1063 3136 linivi
1117 3068 1343 3138 tulcmur,'llcum
1354 3067 1543 3141 glorificemus,
1560 3064 1605 3137 qul
1620 3062 1679 3121 bscc
1690 3060 1755 3119 lacit
1767 3057 1906 3125 miracula,
1931 3085 1938 3098 ·

273 3155 387 3225 prirata,
402 3170 456 3211 non
470 3156 557 3213 solum
571 3164 643 3212 muta
657 3171 712 3212 uon
723 3163 792 3225 urst,
816 3155 864 3213 scd
875 3156 956 3213 etism
970 3155 1065 3214 modu·
1116 3162 1251 3221 imitcmur
1271 3162 1394 3221 oouscrri
1417 3161 1582 3233 pauentium,
1602 3158 1702 3231 mattas
1722 3168 1833 3228 agamus
1854 3152 1908 3209 lio·

274 3246 355 3305 latius
366 3256 394 3305 ct
406 3250 492 3322 magis
504 3250 648 3321 mysticum
662 3264 779 3319 carmen,
795 3258 823 3307 ct
837 3250 933 3322 maiori
941 3266 1004 3308 cunr
1016 3250 1064 3309 td·
1115 3255 1189 3313 mino
1206 3271 1256 3326 pru
1267 3256 1352 3329 pratia
1366 3274 1372 3310 :
1385 3270 1419 3312 er
1434 3254 1467 3310 iis
1481 3268 1541 3325 oum
1552 3244 1623 3310 dicta
1644 3258 1717 3319 sunt,
1730 3246 1906 3329 suffimentum

265 3338 416 3397 miratione
424 3340 571 3397 sntittsbat.
588 3340 689 3397 Rursus
703 3342 783 3398 etiam
798 3343 824 3397 ln
843 3341 947 3423 citlrara
967 3342 990 3398 si
1002 3342 1063 3414 ouis
1115 3348 1142 3404 in
1163 3349 1352 3406 tentationibus
1373 3346 1581 3405 consolationem
1602 3343 1775 3415 accipiamus,
1798 3348 1826 3397 ct
1847 3339 1903 3406 ilci,

273 3430 404 3502 plectrum
415 3432 501 3488 solum
513 3433 650 3504 cripuerit,
661 3434 763 3490 sumus
774 3433 886 3504 artilex,
894 3450 939 3491 ars
948 3435 1061 3505 inutilis,
1114 3444 1159 3515 oui
1172 3459 1222 3500 nos
1234 3442 1305 3512 lecit,
1321 3442 1465 3514 potentiam
1476 3449 1503 3497 et
1514 3453 1606 3496 curam
1618 3436 1782 3494 admirantes
1794 3447 1826 3489 ac
1840 3446 1905 3507 prc-

274 3522 391 3581 etiuauc
414 3514 639 3591 instrumentum
657 3523 701 3581 ¹¹1⁰
719 3534 810 3583 autcm
830 3526 897 3582 nibil
917 3526 1060 3598 ejusmodi,
1113 3534 1269 3603 tidcntiam,
1290 3535 1380 3591 omnia
1393 3548 1453 3605 quac
1475 3547 1508 3589 ex
1525 3531 1601 3587 nolis
1622 3536 1686 3587 suut
1704 3525 1858 3594 aderamus,
1878 3522 1932 3580 et‘

272 3614 321 3671 Μ
331 3616 493 3674 mmm
503 3608 622 3674 timim·
636 3616 674 3675 0⁸
687 3619 759 3675 enlm
773 3628 832 3677 0¹²⁸
843 3620 957 3689 tillim,
972 3621 1061 3693 filiii
1088 3657 1092 3665 ·
1112 3643 1172 3701 ooae
1184 3642 1218 3685 cr
1238 3642 1271 3684 eo
1293 3636 1365 3695 sunt,
1390 3625 1499 3683 omnino
1507 3622 1719 3695 consequentur.
1732 3618 1795 3675 stus
1818 3616 1905 3674 bomi-

229 3734 232 3738 ·
260 3708 415 3780 ‚mectmm
430 3708 526 3767 artilex
536 3710 635 3781 sninra,
654 3726 699 3767 ars
714 3727 778 3767 sero
791 3712 926 3770 contessio
940 3713 1060 3784 :plectro
1113 3736 1171 3788 ncs,
1186 3720 1244 3777 sire
1263 3718 1409 3786 dromones,
1422 3718 1479 3775 sire
1493 3716 1550 3789 ipse
1563 3713 1683 3773 diabolus
1697 3710 1839 3768 aduersum
1853 3722 1904 3765 nos

271 3806 361 3856 tamen
374 3800 474 3889 ablato,
496 3802 586 3873 lingua
607 3804 725 3876 inquam,
748 3820 836 3877 neque
853 3789 959 3875 artilex,
973 3822 1060 3880 rrequc
1112 3812 1263 3885 depugnet,
1284 3811 1351 3867 nibil
1373 3809 1511 3884 proliciunt
1534 3808 1572 3878 li,
1594 3807 1638 3878 qui
1663 3819 1713 3861 nos
1728 3806 1903 3876 oppugnant:

268 3903 325 3959 trs,
349 3906 436 3963 usquc
456 3892 661 3951 instrumentum
680 3896 774 3954 inutile
787 3899 884 3967 evasit,
902 3899 950 3955 sed
969 3901 1059 3957 omnia
1111 3905 1192 3961 nudo
1203 3913 1354 3978 promptum
1368 3910 1488 3963 nostrum
1497 3899 1579 3957 animi
1590 3895 1706 3954 studium
1718 3892 1901 3957 ostendamus,

267 3984 395 4041 nrmten
409 4000 485 4043 suam
496 3988 680 4046 ostertderunt.
694 3990 761 4060 Quis
774 3990 832 4048 baec
845 3991 925 4049 lecitt
938 3995 998 4066 orris
1011 3994 1060 4051 ud·
1109 4005 1209 4071 etqua
1227 4012 1243 4053 o
1260 3995 1338 4053 nobis
1350 3994 1438 4052 afferri
1453 4000 1568 4067 oportet,
1587 3989 1676 4048 omitia
1688 3986 1840 4045 ηίῐωηηωη.
1855 3981 1902 4041 Sic

268 4074 400 4133 mirabilis
414 4075 472 4134 buc
482 4078 599 4135 ostendit
610 4095 722 4153 qunque
737 4096 844 4138 omocm
856 4094 982 4155 superant
995 4086 1057 4157 opi·
1109 4092 1182 4151 enim
1195 4100 1223 4148 et
1235 4090 1279 4148 ltic
1292 4090 1340 4147 liei
1356 4087 1483 4147 auxilium
1500 4083 1677 4152 attrabemus,
1699 4092 1727 4138 et
1744 4080 1770 4137 in
1790 4078 1844 4136 vita
1857 4075 1900 4133 lu·

268 4166 394 4223 iim?
408 4167 479 4224 ⁰⁰³⁸
489 4170 535 4241 ⁴1⁰¹
547 4170 622 4227 ⁸⁰¹⁰⁸
642 4171 773 4229 mifflbilii
794 4171 868 4240 tacit,
882 4173 917 4232 (¹0
928 4190 981 4247 tuo
993 4176 1058 4233 dicit
1110 4192 1168 4241 turo
1182 4197 1277 4255 magna
1288 4180 1372 4255 gloria
1384 4189 1413 4237 et
1422 4180 1507 4237 saluts
1518 4175 1686 4251 perfruemur
1700 4190 1707 4227 :
1721 4186 1801 4245 quam
1819 4167 1899 4228 nobis

232 4337 238 4349 ,
270 4257 371 4316 mil&
387 4256 496 4316 millu
510 4262 627 4318 “ltili“
646 4273 743 4334 W,
759 4280 837 4336 ouum
852 4266 1001 4323 dimittitis
1020 4276 1058 4325 Ν
1108 4275 1233 4333 omnibus
1242 4274 1369 4347 consequi
1381 4272 1468 4341 detur,
1482 4270 1566 4344 praua
1580 4276 1607 4325 ct
1620 4264 1784 4337 benignitate
1794 4258 1900 4319 limniui

268 4368 359 4408 conten
372 4362 444 4408 tastu
455 4354 483 4410 is
493 4356 610 4412 onim
622 4358 705 4413 terro!
717 4359 836 4428 orosium
844 4360 940 4415 clevato
953 4370 990 4417 cst
1002 4378 1058 4417 rus·
1108 4369 1193 4427 nostri
1204 4369 1268 4427 iesu
1280 4366 1391 4436 Christi,
1405 4380 1466 4423 curu
1478 4379 1531 4437 quo
1548 4361 1619 4419 Patri
1631 4360 1712 4417 simul
1725 4373 1785 4415 cum
1798 4353 1899 4429 Spiritu

267 4442 415 4516 prim
425 4453 471 4503 Μ
479 4462 558 4520 ⁸⁸1*
568 4446 645 4505 *ἴθ’
655 4462 667 4504 ·’
678 4464 711 4505 2³
723 4466 767 4509 ‘'t-0
779 4449 915 4521 lilim
923 4461 947 4507 0¹
959 4452 1056 4509 imm·
1106 4470 1201 4521 saucto
1213 4462 1307 4534 pluria,
1322 4460 1409 4519 bonor
1419 4467 1448 4517 ct
1459 4459 1610 4529 imperium,
1630 4455 1657 4513 iu
1672 4452 1770 4513 sucula
1788 4448 1899 4507 soculo-

266 4537 331 4593 Μ
350 4539 475 4612 meruti
497 4541 598 4597 iosdnu
615 4539 701 4615 (rot.
725 4541 753 4598 8.
777 4541 805 4597 Ξ.
824 4542 864 4615 3).
885 4545 974 4617 btquc
991 4554 1056 4603 tunc
1106 4570 1178 4613 rom.
1191 4556 1287 4614 Aaron.

264 4626 373 4700 orideru
384 4643 419 4688 ct
432 4645 480 4689 ore
495 4631 635 4689 infantium
653 4640 682 4691 ct
701 4634 865 4704 lactentium,
881 4650 953 4693 nrtnc
964 4646 1053 4695 autem
1102 4698 1103 4709 ,

263 4764 548 4951 *oo
587 4845 1330 4969 successurorum
1366 4847 1716 4970 nonunt).
1749 4770 1883 4787 ”⁸

995 5059 1198 5098 m

489 5232 492 5238 ,
557 5192 653 5236 ουτω
671 5193 690 5236 tr
703 5179 752 5251 (o).
1106 5180 1206 5236 tinuam
1219 5194 1280 5235 cum
1291 5178 1381 5252 llsgris
1392 5179 1496 5249 ⁸luctam
1511 5177 1615 5251 publice
1628 5176 1752 5251 produnt,
1768 5176 1894 5249 pietatem

296 5266 325 5323 t.
344 5262 488 5340 fluctuosos
511 5272 753 5328 commuteris
776 5273 885 5329 utititas.
906 5271 1049 5343 bueriptio
1104 5270 1214 5329 audacia
1235 5272 1422 5340 corroborant,
1435 5280 1462 5329 et
1478 5272 1505 5327 in
1519 5271 1683 5328 cruciatuum
1697 5266 1894 5326 narrationibus

258 5361 458 5434 summissis
469 5364 633 5429 uniittda‘tu
643 5383 661 5422 s
670 5368 736 5424 mori
744 5380 855 5441 sumpto.
868 5399 904 5411 -
915 5369 1050 5426 turmore
1104 5374 1237 5437 tomorum
1251 5366 1278 5425 in
1292 5364 1385 5423 stadiis
1395 5364 1553 5440 quibusdum
1563 5372 1674 5421 stratum
1689 5376 1704 5418 a
1717 5350 1811 5434 quovis
1823 5372 1893 5415 mar·

259 5450 369 5523 quidem
381 5457 537 5527 corporiooo
550 5460 632 5519 soom
650 5477 684 5519 oo
702 5463 824 5534 perosam
838 5461 970 5521 ottilonem
982 5465 1049 5522 orsio
1104 5469 1162 5531 tyre
1183 5459 1345 5519 curriculum
1359 5466 1520 5533 proponunt.
1536 5457 1608 5514 'lulis
1622 5464 1663 5515 est
1683 5454 1810 5531 martyris
1823 5454 1890 5527 ejus,

257 5547 409 5620 morbum
427 5560 572 5625 mannum
586 5570 650 5614 rero
667 5559 934 5617 commemorationes
946 5560 1049 5617 ooioooo
1102 5550 1147 5624 qui
1160 5550 1240 5609 lrodis
1260 5560 1403 5609 coronatus
1416 5548 1714 5619 ssccomrucmoratio.
1735 5549 1802 5619 Quis
1819 5548 1890 5605 cuim

166 5629 175 5647 ⁶
257 5638 388 5702 adversm
400 5642 552 5705 monum
568 5656 641 5707 artes
652 5660 768 5722 armant,
787 5659 816 5709 ct
833 5659 926 5710 contro
940 5654 1002 5711 illos
1013 5654 1048 5712 od
1102 5644 1130 5701 iu
1143 5644 1228 5701 stadia
1247 5642 1376 5702 adversus
1397 5643 1531 5700 diabolum
1553 5641 1679 5699 arrdactcr
1692 5655 1747 5698 non
1759 5638 1889 5712 prosiliat,

259 5730 359 5789 luctatu
368 5732 517 5794 instituunt.
532 5738 601 5795 [tuus
619 5743 693 5804 ¹euim
710 5745 779 5802 uires
792 5744 929 5803 atlrlcticas
943 5754 970 5804 ct
981 5761 1047 5806 con-
1101 5757 1162 5797 cunr
1177 5743 1291 5797 animant
1305 5756 1379 5797 suurn
1392 5740 1517 5810 martyris
1533 5734 1723 5795 certaminibus
1735 5730 1888 5796 institttstit,

292 5820 329 5884 (t)
344 5824 431 5878 colata
440 5841 496 5879 orm
508 5838 547 5882 us.
560 5834 633 5897 teoto
641 5834 711 5886 tuit.
1106 5850 1183 5905 ortem
1197 5843 1236 5889 tot
1249 5816 1425 5904 periculorum
1440 5830 1580 5889 multitudo
1592 5844 1645 5887 riou
1659 5824 1810 5886 concussitl
1821 5822 1902 5891 ino,
