4142 6342
173 387 224 443 sao
897 364 1105 446 srrsroum.
1772 384 1826 443 sno

48 518 90 566 a»-
119 506 137 573 ἦ,
174 501 288 557 muliere
309 504 429 577 contigit.
444 504 511 575 Quid
526 504 597 562 enirn
610 520 698 562 causae
711 513 768 574 est,
782 502 842 575 die,
858 520 971 577 quasso,
1025 502 1134 575 quidem
1151 500 1219 571 fuit,
1240 502 1326 573 qualis
1339 500 1366 558 ln
1380 499 1506 557 hmrenia
1518 513 1579 556 esse
1591 496 1680 565 soiet;x
1690 512 1740 557 nee
1753 500 1826 555 enim

48 580 132 680 ις
172 594 349 663 quamobrem
372 597 448 654 ferox
467 598 510 655 hic
529 598 569 654 rir
587 606 615 655 et
626 600 808 671 intemperans
819 596 974 671 (AEgyptio-
1027 595 1142 667 amplius
1161 593 1306 667 quidquam
1327 594 1468 655 dicendum
1487 602 1547 660 est;
1572 608 1622 650 nos
1644 602 1734 649 nmen
1755 592 1829 651 haud
1864 642 1868 650 .

48 707 92 763 ‘2³⁹4
172 700 233 739 rum
259 686 330 741 enim
353 702 442 743 mores
463 690 581 761 nostis),
601 689 661 757 bic,
675 692 802 762 inquam,
816 690 933 746 furiosus
945 697 976 746 et
1027 702 1190 760 magnopere
1203 686 1286 743 laedit.
1310 686 1367 743 iloc
1383 688 1483 758 quippe
1501 685 1712 757 prospicientes,
1733 683 1766 741 ad
1785 685 1829 741 in-

56 809 111 863 ³¹..-
167 776 321 833 ‘irncundus
345 778 418 848 (uam
442 779 486 837 bie
504 797 611 853 qnoque
624 782 734 838 morbus
748 781 931 838 incredibilem
945 782 973 836 in
1027 780 1217 847 commodum,
1236 780 1308 852 quod
1327 780 1390 837 hinc
1408 781 1593 848 contrahitur,
1617 778 1829 852 propulsandum

49 915 50 928 ,
64 906 98 956 4
173 868 286 924 urodum
297 870 363 940 ipsis
375 871 460 943 inest)
471 889 548 942 eum,
561 889 640 946 quem
651 869 801 931 adulterum
811 888 882 942 esse,
893 882 975 945 atque
1028 877 1112 933 muita
1125 874 1272 931 molimur:
1289 874 1414 933 nimirum
1432 884 1461 932 et
1474 876 1562 947 ignem
1581 882 1710 947 perpetuo
1730 888 1828 930 accen·

173 960 252 1016 nxori
276 958 401 1030 injuriam
421 963 544 1020 intulisse
562 964 702 1032 credebat,
718 980 771 1020 non
783 964 873 1020 statim
885 962 975 1035 gladio
1029 967 1143 1036 deutes,
1165 976 1192 1026 ct
1206 967 1378 1034 cubiculum,
1398 968 1426 1023 in
1447 982 1500 1040 qno
1521 980 1737 1034 commoramur,
1752 961 1831 1020 undi-

48 1119 65 1137 „
75 1110 106 1146 ,ω
172 1050 311 1121 ⁶⁰¹¹05ffi¹2
327 1061 375 1109 ³1¹⁸
386 1052 502 1112 flammis
516 1052 608 1125 denir,
622 1071 715 1114 rerum
728 1071 790 1113 cum
803 1056 839 1113 lta
854 1069 975 1128 praeceps
1029 1076 1082 1133 que
1094 1060 1266 1133 obsepicutes
1279 1068 1305 1115 et
1317 1057 1438 1131 pluribus
1448 1060 1606 1131 restibusac
1617 1056 1741 1131 stragulis
1754 1064 1829 1112 uteri·

48 1145 101 1232 „1
173 1153 257 1216 atque
279 1143 491 1204 inconsideratus
514 1158 604 1218 esset,
624 1157 654 1205 ut
670 1149 703 1205 ad
716 1151 795 1206 unius
806 1150 890 1220 partis
903 1148 961 1205 arbi
1030 1164 1087 1221 res,
1102 1163 1129 1211 et
1141 1153 1214 1211 domi
1224 1168 1331 1224 semper
1341 1162 1491 1210 manentes.
1501 1150 1579 1221 and
1592 1150 1643 1208 ersi
1657 1150 1733 1207 nohis
1746 1146 1832 1207 moie-

48 1292 52 1304 ,
176 1238 260 1294 trium
269 1241 430 1297 seutentiam
444 1239 546 1311 ferret,
561 1256 611 1297 nec
621 1258 729 1299 causam
740 1240 844 1299 dicendi
857 1250 977 1313 potesta·
1029 1255 1101 1303 stum
1112 1256 1168 1315 est,
1182 1254 1271 1302 tanum
1281 1244 1316 1303 ob
1325 1245 1429 1301 luorum
1440 1243 1512 1318 quod
1524 1244 1587 1301 hine
1596 1244 1716 1315 capimus
1731 1242 1831 1299 tolera·

177 1339 233 1385 rem
248 1344 296 1387 reo
307 1331 422 1402 faceret,
435 1342 524 1391 nmen
539 1336 662 1408 supplicii
676 1347 797 1407 tempore
810 1335 926 1408 ingentis
935 1333 977 1390 fa·

76 1407 102 1446 '²⁴
175 1423 287 1481 ciiitatis
306 1434 334 1481 et
353 1426 503 1485 elementiae
514 1429 651 1501 specimen
665 1430 781 1488 ediderit
797 1448 804 1486 ε
820 1428 901 1503 idque
914 1444 976 1486 eum

62 1519 93 1600 ᾗ
176 1511 329 1585 furentem,
343 1515 418 1573 rabie
431 1517 609 1589 laborantem,
623 1522 677 1578 uim
688 1522 790 1578 illatam
804 1529 975 1595 querentem,

48 1603 95 1686 †·'-
176 1603 308 1663 lacerans
329 1616 418 1666 restes
437 1611 691 1683 circumferentem,
715 1622 796 1687 atque
816 1614 879 1671 hinc
891 1615 977 1686 magis

54 1697 95 1733 '³⁴²
176 1697 458 1768 exardescentem,ac
471 1704 607 1777 ingentem
620 1714 647 1764 et
660 1706 850 1763 lamentantem
865 1722 977 1765 uxorem

60 1797 83 1822 ’Ν
176 1792 363 1861 perspicerent
381 1792 417 1847 lit
435 1801 525 1875 tamen
539 1796 606 1853 nihii
618 1796 714 1854 horum
727 1798 815 1871 ipsum
828 1797 862 1855 ad
873 1798 977 1856 malem

49 1881 71 1913 ·'·'
177 1873 306 1938 incendit.
322 1882 372 1952 Qui
386 1882 494 1943 tandem
509 1889 593 1958 istud,
608 1890 667 1958 die,
681 1893 793 1964 queso!
804 1896 902 1969 Annon
914 1908 979 1965 pers

48 1979 80 2013 ”²
176 1975 299 2045 spicuam
318 1965 461 2047 rosseum
473 1982 520 2054 qui
536 1982 628 2042 leuues
646 1995 772 2059 tanquam
785 1988 885 2059 injecto
898 1986 977 2046 freno

74 2076 84 2111 t
178 2070 324 2139 repressit,
345 2079 373 2127 et
390 2071 508 2132 fornacis
526 2075 651 2135 ardorem
666 2079 789 2148 sustulit,
805 2080 978 2139 immodicam

61 2165 91 2208 'rr
177 2172 284 2231 quoque
296 2158 376 2233 hujus
386 2162 484 2222 bellare
496 2166 722 2239 indignationem,
736 2179 816 2241 atque
830 2171 978 2227 immanem

77 2279 87 2305 ι
178 2253 246 2309 iram
256 2254 437 2327 sustinuisse,
451 2267 480 2315 ut
489 2261 650 2334 supplicium
662 2262 781 2320 adhibita
791 2260 978 2323 mediocritate

49 2368 89 2403 ⁴.::
178 2350 394 2417 temperaretur?
417 2350 445 2408 ld
464 2353 535 2425 quod
558 2357 639 2411 etlam
659 2356 687 2413 in
710 2372 819 2415 carcere
832 2359 978 2431 contigisse

63 2460 89 2497 e.-
176 2440 311 2511 quispiam
334 2444 488 2514 perspiciat.
512 2446 583 2503 ilem
603 2450 678 2504 einim
696 2450 732 2506 ita
752 2466 813 2507 cum
831 2451 859 2507 in
872 2453 978 2510 vincula

49 2545 87 2593 ιι
177 2532 297 2603 conjici,
316 2548 349 2591 ac
360 2550 421 2591 cum
437 2539 598 2596 nocentibus
610 2550 639 2598 et
650 2541 810 2603 facinorosis
830 2562 891 2604 esse
913 2564 977 2621 per·

62 2675 72 2685 ,
181 2623 272 2701 misit,
287 2634 316 2681 ut
330 2636 420 2685 tauren
434 2646 496 2687 eum
506 2633 541 2690 ab
550 2632 608 2705 ejus
620 2637 666 2707 qui
675 2638 776 2694 carceri
787 2650 915 2712 praerat,
928 2643 979 2698 lm·

181 2719 347 2787 portunitate
368 2736 400 2777 ac
421 2724 523 2782 serilla
543 2728 681 2799 eripuerit.
703 2730 770 2788 Nam
793 2748 868 2802 cunr,
882 2736 979 2807 quibus

182 2810 302 2866 moribus
311 2827 372 2870 esse
386 2817 503 2873 carceris
516 2818 659 2891 praefectus
667 2822 769 2894 soleat,
781 2826 890 2884 minime
899 2827 979 2900 igno·

181 2914 243 2969 res,
270 2912 360 2962 nmen
382 2907 431 2978 ipsi
449 2918 504 2966 tum
524 2913 593 2970 ienis
605 2926 638 2970 ae
651 2914 771 2987 placidus
785 2929 861 2989 erat,
877 2936 909 2978 ac
924 2937 978 2980 nou

51 3032 83 3069 ,ὲ
179 2993 263 3052 modo
281 3012 342 3053 eum
361 3000 442 3057 nuliis
455 3002 591 3062 laboribus
602 3010 757 3080 premebat,
773 3014 916 3073 sedetiam
930 3033 978 3074 eo·

58 3126 80 3163 ς
180 3102 240 3144 rum
261 3091 398 3161 omnium,
414 3095 461 3166 qui
474 3096 529 3154 illic
543 3099 718 3169 tenebantur,
733 3104 911 3178 principatum
927 3108 979 3181 ipsi

180 3191 367 3253 concesserat,
391 3185 472 3258 idque
491 3204 552 3246 cnm
568 3207 629 3248 eum
644 3202 674 3249 ut
687 3193 839 3254 adulterum
853 3202 978 3273 accepis·

180 3281 239 3341 set,
254 3282 284 3330 ut
297 3285 453 3347 nocentem,
469 3287 497 3337 et
510 3280 642 3354 insignem
655 3286 816 3344 adulterum.
831 3289 890 3347 Nou
905 3294 979 3349 enim

181 3364 210 3421 ln
230 3374 356 3438 tenmm,
380 3372 427 3428 scd
449 3374 475 3429 in
499 3391 623 3448 maguam
642 3388 670 3436 et
688 3380 856 3453 splendidam
868 3384 978 3444 domum

180 3458 270 3515 scelus
294 3462 346 3517 hoc
367 3478 507 3537 aggressus
529 3484 591 3527 esse
615 3472 786 3531 censebatur.
808 3475 865 3533 Nec
887 3487 977 3535 tamen

181 3550 315 3621 quidpiam
330 3552 426 3612 horum
435 3572 498 3614 eum
510 3551 620 3628 terruit,
631 3563 710 3635 rique
721 3568 852 3635 persuasit
863 3577 892 3624 ut
901 3584 978 3627 acer·

180 3641 266 3700 bitate
288 3644 315 3701 iu
339 3648 427 3719 ipsum
447 3658 576 3709 uteretur.
593 3654 692 3712 Verum
707 3658 786 3713 sirrrui
802 3668 830 3715 et
842 3676 892 3732 per
906 3664 977 3720 caia·

180 3737 288 3797 raritates
298 3741 356 3798 riro
364 3742 438 3814 justo
449 3760 557 3804 coroure
569 3749 737 3820 texebantur,
752 3762 780 3809 et
791 3756 840 3811 Dei
849 3757 977 3815 auxilium

179 3826 330 3921 largissime
344 3837 395 3907 ipsi
409 3837 544 3895 affluebat.
560 3840 720 3913 Lougiorem
735 3844 822 3902 adbuc
836 3849 977 3919 epistolam

181 3922 420 3999 faeerecupiebam
432 3948 439 3984 r
450 3931 498 3988 sed
513 3933 573 4004 quia
590 3933 648 3992 bue
660 3950 783 4009 quoque,
799 3954 859 4010 quse
869 3939 975 4013 scripsi,

180 4020 302 4088 epistole
315 4022 423 4079 modum
437 4024 518 4096 longe
531 4035 676 4099 superant,
692 4030 735 4085 bic
747 4029 827 4085 finem
842 4032 978 4091 scribendi

181 4111 292 4181 faciam,
314 4113 377 4170 iliud
391 4115 439 4171 abs
459 4124 615 4187 repetens,
635 4119 706 4191 qnod
727 4136 872 4193 numquam
884 4133 978 4195 petere

180 4203 282 4273 destiti,
294 4222 392 4280 nempe
405 4218 435 4266 ut
448 4218 477 4266 et
488 4226 634 4276 merorem
646 4213 768 4285 abjicias,
781 4224 809 4272 et
819 4217 891 4288 quod
903 4234 977 4275 sem·

181 4296 337 4368 perfecisti,
353 4316 402 4357 nec
412 4302 500 4361 lacere
513 4304 623 4373 desinis,
639 4304 686 4362 bei
696 4308 807 4380 gloriam
819 4311 976 4385 predicare,

180 4405 212 4447 ac
226 4392 261 4448 de
272 4392 398 4465 grauibus
411 4404 440 4452 et
452 4397 557 4455 acerbis
570 4398 695 4457 omnibus
706 4398 749 4456 his
763 4400 844 4462 rebus
853 4404 903 4475 ipsi
914 4419 977 4477 gra·

182 4484 232 4540 tias
252 4499 332 4558 agere
346 4502 381 4545 ne
393 4489 563 4547 intermittas.
579 4491 634 4549 lieo
647 4492 719 4550 enim
732 4495 835 4554 ratione
848 4507 905 4556 turn
919 4499 977 4571 ipsa

181 4580 297 4636 maxima
310 4582 379 4639 bona
394 4587 543 4656 percipies,
554 4595 610 4643 tum
624 4588 789 4645 mortiferum
799 4589 976 4650 diabolorul·

181 4687 232 4729 uus
250 4672 363 4746 indiges,
379 4684 435 4733 tum
450 4679 528 4736 nobis
541 4680 675 4751 ingentem
687 4682 900 4741 consolationem
913 4684 978 4745 ah'e-

180 4780 243 4833 res,
258 4777 286 4824 ot
297 4770 421 4827 nroeroris
434 4770 534 4828 nubem
547 4772 620 4827 nuilo
630 4774 738 4845 negotio
752 4769 887 4834 discutere
899 4794 932 4835 ac
943 4779 978 4837 de

179 4860 269 4918 medio
291 4862 406 4933 toliere,
430 4880 550 4937 puraque
574 4868 766 4941 tranquillitate
787 4868 839 4927 frui
863 4874 975 4943 poteris.

178 4952 311 5021 Quocirca
322 4971 373 5012 nec
385 4957 476 5015 antimo
486 4959 674 5032 elanguescas,
686 4975 780 5017 rerum
792 4960 827 5017 ab
838 4962 890 5020 hoc
902 4963 977 5023 fumo

179 5062 284 5103 emersa
302 5056 331 5104 et
348 5048 458 5108 liberata
472 5050 591 5128 (omnem
610 5054 681 5110 enim
694 5054 764 5111 bunc
776 5071 919 5114 moerorem
932 5098 939 5125 ,
954 5060 977 5116 sl

180 5138 311 5207 uolucris,
333 5140 407 5199 fumo
420 5144 499 5200 citius
512 5145 685 5220 dissipabis),
699 5148 795 5206 dehac
809 5166 839 5207 re
854 5167 903 5208 nos
917 5168 977 5209 rur-

180 5248 240 5289 sum
254 5234 384 5292 certiores
395 5228 478 5295 facias
494 5256 502 5294 a
519 5249 550 5295 ut
567 5240 631 5298 iicet
641 5244 739 5315 alioqui
754 5245 846 5317 procul
860 5262 876 5302 a
890 5255 916 5303 ts
929 5264 976 5305 re·

145 5377 149 5383 .
179 5326 265 5393 rrroti,
286 5340 410 5398 treuguam
425 5337 515 5386 umen
527 5345 561 5387 ex
573 5330 724 5403 hujusmodi
745 5335 831 5392 literis
850 5338 975 5395 controfa-

137 5412 143 5423 '
180 5419 281 5475 tionem
294 5418 441 5491 capiamus.

281 5512 323 5568 Ar
333 5513 448 5569 eumdem
458 5513 533 5587 epist.
548 5510 601 5571 W.
613 5513 704 5587 (huno
715 5515 785 5574 forte
799 5519 874 5591 tut.)

1029 1338 1085 1397 bile
1098 1350 1149 1396 est.
1165 1338 1298 1407 Quamdiu
1318 1338 1390 1395 enirn
1412 1336 1485 1395 domi
1503 1352 1553 1395 nos
1575 1348 1714 1405 tenemus,
1734 1337 1833 1409 frigore

1030 1432 1102 1490 haud
1112 1434 1257 1491 admodum
1268 1434 1424 1490 diuexamur
1434 1450 1442 1489 r
1454 1432 1496 1490 sin
1505 1440 1595 1489 autem
1603 1432 1767 1504 aliquantum
1775 1446 1834 1502 pro·

1030 1524 1108 1598 gredi
1125 1534 1206 1597 atque
1224 1526 1251 1581 in
1275 1534 1389 1582 esterno
1409 1540 1472 1582 aere
1491 1526 1593 1582 uersari
1614 1538 1760 1597 cogamur,
1779 1538 1834 1581 non

1030 1632 1117 1691 parra
1130 1617 1192 1675 binc
1207 1618 1370 1676 detrimento
1384 1618 1528 1675 allicimur.
1542 1618 1723 1688 Quamobrem
1743 1628 1771 1673 te
1785 1615 1834 1673 ob-

1031 1728 1120 1785 scero,
1135 1724 1215 1787 atque
1229 1713 1327 1770 summi
1340 1713 1463 1772 bernelini
1473 1716 1619 1786 gratiaque
1631 1712 1693 1769 loco
1706 1710 1732 1769 id
1744 1710 1793 1771 abs
1806 1718 1834 1773 te

1031 1814 1113 1879 peto,
1134 1814 1163 1861 ut
1183 1804 1219 1861 ad
1238 1805 1424 1878 depellendam
1444 1806 1566 1878 corporis
1578 1804 1760 1863 infirmitatem
1774 1820 1835 1861 rna·
1903 1866 1905 1872 ,

1031 1912 1216 1972 gnam-curam
1229 1908 1257 1955 et
1268 1899 1433 1971 diligentiam
1446 1897 1580 1956 roriferas.
1592 1898 1698 1956 Etenim
1708 1897 1834 1955 morbum

1032 1990 1140 2064 quidem
1150 2006 1251 2048 moeror
1260 1992 1340 2047 etiam
1354 1992 1422 2063 parit
1432 2006 1507 2048 :cnm
1519 2000 1609 2047 autem
1619 2006 1717 2064 eorpus
1727 2006 1835 2063 quoque

1032 2085 1168 2143 laboribus
1180 2074 1350 2153 cdnfuctum,
1366 2094 1393 2141 et
1404 2086 1506 2141 morbis
1528 2085 1694 2142 debilitatum
1711 2094 1771 2154 est,
1787 2100 1833 2142 ne-

1030 2179 1148 2251 glectum
1159 2177 1241 2251 jacet,
1256 2193 1289 2234 ae
1303 2192 1353 2235 nec
1364 2176 1531 2235 medicorum
1543 2194 1605 2251 ope,
1619 2164 1670 2235 nee
1683 2178 1753 2235 aeris
1767 2188 1835 2235 tern-

1032 2271 1124 2343 perie,
1141 2284 1192 2327 nee
1204 2284 1296 2327 rerum
1309 2270 1492 2327 necessarlum
1506 2271 1584 2344 eopia
1597 2268 1695 2328 fruitur
1712 2290 1719 2327 ι
1734 2279 1834 2343 quanta

1031 2360 1097 2418 hinc
1109 2360 1262 2418 acerbitatis
1274 2371 1302 2419 et
1314 2360 1427 2432 periculi
1439 2361 1559 2419 accessio
1573 2362 1635 2430 fiat,
1649 2360 1729 2418 veiim
1746 2370 1834 2419 tecum

1032 2464 1152 2529 reputes.
1167 2455 1348 2527 Quamobrem
1360 2464 1387 2512 te
1410 2470 1476 2523 oro,
1492 2450 1563 2511 utet
1577 2454 1666 2511 varios
1681 2456 1835 2529 peritosque

1032 2549 1300 2617 medicosadbibeas,
1314 2558 1342 2606 et
1351 2547 1383 2607 ils
1393 2548 1597 2608 medicamentis
1607 2549 1700 2621 utaris,
1711 2564 1773 2622 que
1783 2550 1834 2607 bu·

1030 2641 1149 2715 jusmodi
1170 2642 1281 2700 morbos
1300 2642 1403 2715 pellere
1415 2651 1515 2715 queant
1536 2642 1769 2716 :quandoquidem
1783 2657 1834 2701 nos

1032 2736 1115 2793 etiarn
1127 2737 1219 2808 paucis
1231 2744 1293 2793 ante
1302 2736 1407 2803 diebus,
1422 2752 1481 2793 cum
1495 2736 1530 2793 ob
1542 2738 1613 2795 aeris
1622 2745 1722 2794 statum
1734 2737 1834 2809 procli·

1031 2831 1074 2887 uis
1088 2830 1166 2888 nohis
1180 2830 1214 2886 ad
1230 2831 1347 2889 vomitus
1362 2830 1517 2889 stomachus
1527 2839 1614 2900 esset,
1627 2840 1709 2905 atque
1724 2843 1753 2889 et
1772 2834 1834 2891 aliis

1033 2925 1180 2982 curationis
1194 2924 1357 2997 generibus,
1371 2934 1399 2983 et
1410 2925 1556 2997 pharmaco
1567 2941 1615 2991 eo,
1628 2926 1699 2999 quod
1716 2926 1834 2984 ademi·

1033 3036 1067 3077 na
1080 3036 1139 3077 mea
1151 3020 1298 3078 lectissima
1308 3028 1335 3077 et
1344 3020 1514 3077 ornatissima
1525 3020 1662 3093 Syucletio
1673 3018 1711 3095 (a)
1722 3022 1834 3078 missum

1032 3124 1085 3184 est,
1098 3116 1140 3173 usi
1150 3130 1280 3184 essemus,
1294 3130 1345 3175 nee
1356 3113 1424 3173 ultra
1435 3123 1490 3172 tres
1501 3114 1560 3172 dies
1569 3113 1635 3171 illud
1644 3114 1772 3173 adbibere
1784 3130 1833 3172 no-

1034 3208 1076 3265 bis
1090 3224 1201 3266 necesse
1212 3208 1323 3279 fuisset,
1336 3210 1420 3281 ipsius
1433 3208 1642 3268 imbecillitatem
1653 3211 1829 3269 correximus.

1033 3301 1126 3373 itaque
1145 3310 1170 3357 te
1179 3317 1287 3373 quoque
1300 3300 1394 3359 hortor
1408 3310 1488 3375 atque
1500 3317 1548 3359 oro
1562 3312 1590 3359 ut
1603 3302 1645 3359 bis
1658 3304 1752 3373 utaris,
1767 3290 1832 3361 des-

1032 3409 1085 3467 que
1095 3408 1205 3465 operam
1218 3406 1246 3450 ut
1266 3392 1419 3465 huiusmodi
1437 3394 1661 3453 medicamentum
1671 3395 1705 3452 ad
1717 3410 1833 3453 nosrur-

1031 3503 1092 3543 sum
1112 3487 1242 3544 mittatur.
1262 3485 1329 3545 liam
1341 3502 1401 3545 eum
1416 3488 1561 3560 quamdam
1572 3486 1704 3546 stomachi
1717 3488 1834 3546 subuer-

1031 3580 1135 3637 slonem
1149 3594 1256 3639 rursum
1272 3580 1450 3638 sensissemus
1464 3622 1471 3648 ,
1485 3579 1581 3639 eadem
1600 3595 1706 3639 rursum
1720 3580 1832 3640 remedii

1030 3689 1132 3748 genere
1145 3674 1203 3744 usi,
1225 3673 1326 3731 malum
1341 3674 1450 3731 nurnine
1463 3672 1672 3747 profligarimus.
1688 3673 1792 3749 Quippe
1804 3685 1833 3733 et

1032 3766 1256 3824 inflammationes
1276 3768 1303 3823 in
1317 3766 1372 3823 imo
1386 3775 1495 3840 pectore
1508 3766 1630 3823 conditas
1642 3764 1735 3834 sedat,
1750 3776 1777 3823 et
1790 3767 1832 3838 pi-

1032 3859 1126 3916 tuitam
1140 3858 1277 3928 exhaurit,
1290 3867 1319 3915 et
1331 3857 1460 3917 mediocri
1471 3858 1561 3916 calore
1572 3857 1715 3932 praeditum
1731 3868 1787 3927 est,
1802 3866 1831 3917 et

1064 4042 1143 4117 (0),Ιῦ
1156 4046 1238 4091 Giaew
1248 4038 1349 4103 iegitur,
1359 4050 1409 4111 ur?
1418 4054 1451 4100 ris
1459 4050 1520 4103 mehr
1527 4054 1604 4111 uersis
1615 4046 1740 4101 sendus
1750 4049 1830 4101 ’teir

1030 4118 1079 4159 no.
1091 4112 1129 4154 sre
1138 4104 1329 4154 hahentomues
1338 4112 1437 4153 murno
1458 4108 1511 4151 nss.
1529 4099 1597 4161 edrai,
1616 4115 1638 4152 ra
1670 4116 1748 4161 m,
1764 4100 1830 4164 quorl

1029 4167 1175 4231 dignitatem
1185 4160 1598 4229 aliqnamslguiflcareputarenrut
1616 4164 1641 4213 ti
1661 4163 1830 4215 iusetrromo

1029 4238 1140 4289 uueaeus,
1151 4228 1194 4293 qui
1205 4232 1345 4291 postremus
1359 4224 1422 4276 hanc
1440 4224 1516 4277 hahet
1532 4230 1615 4295 potam
1626 4238 1633 4276 :
1645 4236 1772 4297 nnuman.
1790 4230 1831 4275 rtu

1030 4290 1228 4345 Pmrmduruaet
1243 4286 1355 4341 surtrhmt
1367 4286 1464 4339 mriuu
1483 4283 1578 4339 heim:
1599 4292 1625 4339 ut
1644 4288 1694 4338 dno
1703 4284 1749 4338 ulti
1759 4294 1828 4349 nas..

1030 4367 1088 4419 atyn
1149 4351 1262 4425 mutuom
1276 4362 1354 4403 :uum
1371 4356 1398 4401 ut
1546 4410 1551 4421 Ι
1811 4410 1816 4421 Ι

1030 4423 1085 4468 tore
1161 4416 1406 4477 citramontana
1421 4422 1441 4463 u
1477 4424 1523 4474 eru,
1541 4416 1577 4464 atu
1590 4424 1698 4477 ammai
1708 4416 1829 4463 semlerus
1859 4434 1862 4445 ·

1030 4476 1265 4551 rour:.rtpnttn3u
1279 4488 1313 4527 eu
1332 4472 1566 4537 bienedrnerone,
1585 4492 1633 4539 μισ
1651 4489 1779 4546 mrraqu,
1798 4484 1828 4527 sa

1029 4537 1830 4673 itatidr²sid¹udrffidbbh⁰liihitdilfridb

1030 4673 1074 4729 ert,
1086 4670 1185 4719 mutua
1192 4662 1322 4737 studiosior
1335 4676 1344 4715 r
1355 4660 1476 4735 squidem
1483 4668 1650 4737 perrrrfuttru
1666 4660 1726 4732 dieti
1737 4656 1803 4724 frpor
1817 4672 1828 4710 .·

1030 4735 1097 4782 certe
1107 4729 1174 4794 apud
1186 4736 1312 4780 Prummu
1321 4724 1374 4790 lego
1384 4732 1540 4797 premamur
1550 4736 1632 4789 parque
1641 4734 1741 4787 peruror
1748 4732 1828 4785 urana·

1031 4786 1556 4912 mom-..arnmrnnd
1572 4781 1828 4910 {intimatis}

1027 4918 1079 4981 iarn
1089 4916 1192 4981 questio
1203 4920 1243 4967 est
1250 4926 1283 4965 ex
1293 4914 1388 4965 duabus
1397 4910 1553 4971 lectionibus,
1564 4916 1619 4975 utra
1629 4910 1662 4960 sit
1695 4908 1743 4959 teri
1754 4920 1785 4957 an
1797 4920 1827 4958 e-

1030 4978 1140 5030 ferenda.
1152 4985 1243 5028 omues
1254 4984 1305 5027 tiss.
1318 4976 1395 5026 nostri
1412 4986 1515 5025 numero
1525 4972 1643 5039 quinque,
1652 4980 1772 5034 animun,
1815 4994 1828 5007 ·
1884 5016 1886 5022 ,

1029 5042 1100 5102 hent,
1110 5041 1177 5091 etita
1187 5052 1286 5104 quoque
1297 5036 1406 5099 sarilius,
1419 5043 1446 5087 et
1456 5036 1505 5085 duo
1516 5046 1548 5085 ex
1562 5040 1616 5084 tiss.
1628 5046 1643 5084 a
1654 5038 1772 5106 tronione
1781 5036 1827 5081 ttu-
1850 5076 1855 5097 ‚

1029 5116 1083 5157 esre
1093 5103 1247 5163 memoratis,
1262 5102 1305 5165 qui
1321 5108 1405 5153 tamen
1425 5098 1529 5148 fortasse
1547 5109 1580 5147 ex
1596 5106 1827 5158 numero·qumque
1855 5098 1859 5129 ²

1029 5174 1083 5217 tiss.
1096 5171 1233 5216 nostrorum
1243 5163 1351 5215 fuerint:
1365 5160 1444 5214 ethoe
1453 5172 1515 5210 vere
1525 5157 1603 5209 fuisse
1614 5162 1726 5209 demeum
1736 5168 1827 5206 numen

1029 5224 1296 5291 arbitror,syncletiou,
1314 5224 1355 5276 rei
1370 5221 1524 5289 syncletium,
1544 5227 1572 5272 ut
1589 5218 1732 5293 Glycerium,
1741 5224 1827 5268 Eusto-
1859 5218 1866 5249 ι

1029 5291 1119 5351 chinni,
1132 5298 1158 5341 et
1167 5288 1214 5340 alia
1226 5287 1301 5339 muita
1316 5284 1452 5351 hujusmodi
1467 5280 1639 5357 nomiomhira
1649 5280 1733 5356 lectio,
1744 5292 1827 5343 mesq-
1853 5276 1865 5343 i

1029 5370 1092 5415 ςιιῆς,
1103 5352 1229 5403 alibrarlis
1239 5352 1326 5402 Graecis
1337 5348 1432 5399 inducta
1444 5345 1525 5405 luerit,
1541 5344 1632 5409 quibus
1640 5350 1718 5395 ιιοιιοι·
1725 5340 1826 5417 syncle-

1028 5417 1085 5477 tica,
1098 5428 1153 5480 quae
1164 5416 1190 5465 in
1200 5420 1338 5465 sanctorum
1348 5408 1638 5473 tegendisetiutteuaeis
1647 5410 1761 5457 oecurrrt.
1771 5411 1827 5455 tiaee
1858 5446 1867 5467 ,

1028 5476 1254 5539 auteminduobus
1272 5474 1351 5527 solum
1370 5480 1423 5522 uss.
1443 5470 1556 5520 hahetur.
1576 5474 1721 5520 demoratur
1736 5467 1828 5518 inrita
1858 5470 1864 5507 i

1027 5540 1186 5605 chrysostomi
1196 5552 1240 5603 per
1251 5536 1379 5589 rothonum
1387 5545 1441 5597 cap.
1452 5533 1480 5583 li
1491 5530 1625 5598 syncletium
1633 5531 1762 5594 episcopus
1768 5535 1827 5579 tra-

1488 4363 1525 4410 ns,
1535 4357 1634 4401 senator
1645 4356 1681 4401 ert
1689 4348 1755 4415 opud
1767 4348 1828 4400 Plu-

217 5608 245 5663 l.
258 5606 297 5665 De
311 5608 409 5666 hiemis
422 5608 586 5678 acrimonia,
603 5618 631 5667 et
643 5612 773 5668 stomachi
787 5615 871 5670 nostri
887 5614 973 5673 imbe·
1025 5588 1223 5677 jenopolitanus:
1237 5601 1283 5652 titi
1293 5610 1382 5650 11⁰m0¹¹
1399 5606 1438 5647 0⁸⁸
1455 5592 1598 5660 syncletius,
1617 5592 1717 5645 ‘0¹⁰1ssae
1727 5588 1827 5657 5113019·

179 5700 292 5758 eiiiltate
303 5742 311 5769 ,
322 5710 404 5773 atque
415 5701 542 5760 isauricis
550 5702 762 5773 incursionibus,
774 5705 842 5762 nihil
851 5715 894 5763 est
903 5708 974 5779 quod

180 5796 266 5854 nostri
277 5796 376 5854 causa¹
389 5796 503 5855 sollicita
515 5798 563 5866 sis,
571 5796 695 5871 consque
703 5808 730 5856 te
738 5799 872 5859 conficias.
882 5801 975 5862 iiiems

214 5908 910 5979 *remurmuremus-itimarorrirnuuueest

1028 5674 1097 5725 uum,
1109 5664 1213 5730 perinde
1224 5670 1299 5727 atque
1309 5659 1433 5724 cdycerius
1445 5664 1471 5708 et
1481 5658 1629 5722 Glycerium
1645 5652 1790 5727 epiphanius
1799 5659 1827 5727 et

1026 5729 1192 5792 Epiphanium,
1205 5738 1277 5791 quam
1288 5729 1436 5787 marsinam
1446 5719 1508 5771 inira
1526 5724 1683 5791 memoratam
1691 5716 1788 5789 prdebps
1799 5727 1826 5765 ru
1854 5776 1856 5782 Α

1027 5790 1130 5854 epistola
1140 5790 1244 5855 qrradam
1251 5784 1381 5837 constantii
1392 5782 1539 5847 presbyteri.
1561 5780 1824 5837 rriienmnnuseuam,

1025 5866 1158 5917 manau„
1170 5857 1198 5903 ut
1209 5849 1339 5915 legebatur
1350 5848 1377 5899 lu
1394 5846 1482 5907 editis,
1495 5857 1539 5910 pro
1557 5844 1655 5895 nornine
1667 5840 1764 5907 proprio
1779 5838 1825 5893 ha·

1026 5918 1089 5973 buit
