4142 6342
246 338 299 397 tte
619 339 648 397 Β.
667 335 806 397 tetuhts
824 330 1063 393 chrisostottt
1081 328 1238 389 huculbi.
1259 330 1524 393 cottsttttttttott
1838 334 1889 393 2¹16

283 456 324 511 Ex
333 455 407 513 bisce
421 470 501 527 porro
522 454 646 513 omnibus
659 453 811 524 permixtim
825 450 920 523 positis
932 446 966 505 de
978 448 1040 505 Poe-
1098 446 1132 503 dc
1145 445 1302 519 penitentia
1314 447 1439 505 homilias
1453 446 1557 504 habitos
1569 444 1668 515 luisse,
1680 442 1728 505 sed
1742 445 1826 505 b'asoe
1834 454 1889 505 tres

251 548 364 605 nitentia
379 547 520 615 homiliis,
542 561 591 605 sex
611 546 697 602 solum
721 552 751 601 ut
763 557 905 616 germanas
915 542 1041 614 agnosci·
1095 540 1359 612 quaspremisimus,
1372 539 1489 611 aliasrc,
1510 540 1537 597 id
1556 542 1675 613 ignotum
1690 556 1811 614 prorsus.
1830 542 1887 597 An·

247 652 319 705 mus,
344 646 455 701 ceteras
469 651 534 693 vero
556 644 731 708 tamquamut
744 635 886 692 minimum
903 643 1041 705 suspectas
1096 632 1202 689 tiochiae
1229 642 1319 691 antem
1342 635 1460 689 habitam
1482 633 1565 691 luisse
1585 634 1703 711 suadent
1723 634 1782 691 lutee
1807 635 1890 693 rerba

247 727 443 799 subjungimus,
454 726 582 798 quasdam
595 727 676 783 otiam
687 734 781 799 aperte
792 726 897 797 spurias
906 725 989 780 alium
1012 724 1039 779 in
1094 741 1169 784 nurn-
1183 726 1202 781 Ξ
1215 743 1223 782 :
1238 726 1449 799 Quandoquidem
1462 743 1509 783 ros
1525 742 1585 781 cum
1602 726 1795 799 ecepitnbomur
1805 726 1890 785 recoli

249 814 339 873 locum
351 816 542 887 obligavimus.
570 814 688 873 Primam
713 817 785 875 inter
805 829 947 887 germanas
960 814 1039 885 poni-
1096 819 1174 887 some,
1190 825 1268 887 perte,
1282 816 1417 889 prordine,
1429 818 1551 885 siccitate,
1567 817 1700 885 incendiis,
1714 817 1825 874 borthne
1845 818 1889 873 in·

250 922 320 971 mus,
334 909 387 973 Arc,
402 924 497 980 preco,
510 925 635 965 memores
647 910 728 965 rostri
753 909 859 981 [ιιίιιὶιι
871 906 1015 964 secundam
1030 947 1040 976 ,
1095 923 1181 975 curro,
1195 907 1510 981 nonoepuotidieeeelerio
1518 906 1680 963 multcadirrc
1689 906 1890 963 conuerrieotirorr

254 1000 359 1057 Vidistis
368 1001 498 1072 reperiere
507 1000 660 1067 emissem
669 1000 941 1069 tertiam,Annoor'rtir
952 999 1041 1064 aode;
1095 997 1278 1069 oopustobotur
1287 1000 1345 1064 ιω,
1360 995 1501 1070 Postquam
1510 1007 1593 1053 cotem
1603 997 1674 1053 Perta
1686 998 1751 1053 irem
1760 997 1887 1069 depomir,

249 1091 509 1163 quartamPcrtorer
519 1093 564 1150 illo
576 1094 734 1165 [recentior
742 1112 752 1161 ,·
769 1090 981 1165 quintam,l.oeto
991 1107 1037 1146 oo·
1094 1098 1170 1160 atoue
1179 1098 1234 1162 port
1247 1098 1330 1145 tortor
1339 1090 1433 1160 portur
1446 1089 1584 1161 procedam
1605 1089 1707 1161 coepit,
1722 1089 1758 1143 od
1769 1088 1890 1158 pristinos

248 1184 287 1239 bic
298 1184 374 1239 hodie
391 1201 422 1241 oe
445 1184 532 1241 leutico
546 1184 695 1251 celebritou
707 1192 821 1247 sextam,
834 1184 919 1253 Quom
930 1182 1041 1255 y'ocurtdi
1096 1182 1188 1245 iterum
1208 1198 1290 1238 morer
1301 1182 1394 1238 reterri
1407 1198 1504 1239 mutua.
1527 1181 1640 1253 Amore
1651 1183 1708 1252 ipro
1720 1181 1889 1239 tentationum

249 1274 401 1346 spiritualis.
417 1274 467 1333 tite
489 1275 582 1331 Sarilii
601 1274 723 1333 ordinem
738 1274 893 1347 sequimur,
906 1274 939 1329 iis
952 1273 1040 1344 solum
1095 1282 1206 1345 tempore
1218 1274 1272 1329 boe
1285 1274 1423 1345 predicere
1436 1284 1459 1330 ct
1473 1274 1603 1344 testificari
1612 1290 1663 1331 nort
1674 1273 1831 1330 desistebam.
1839 1274 1890 1331 itte

249 1366 367 1435 omissis,
377 1382 437 1437 que
453 1366 496 1423 rel
510 1366 653 1423 admodum
660 1374 793 1437 suspecta
804 1366 846 1423 uel
858 1367 967 1421 omnino
975 1380 1040 1436 spu·
1094 1364 1201 1435 tongam
1224 1364 1405 1421 calamitatum
1430 1363 1528 1420 seriem
1552 1374 1694 1433 memorat,
1708 1364 1804 1435 quihus
1816 1379 1888 1435 prce.

251 1456 301 1513 rice
313 1456 450 1525 ridentur,
462 1465 491 1514 ut
505 1471 554 1514 suo
567 1443 626 1513 loco
648 1457 815 1529 probabitur.
833 1456 964 1512 hornittas
977 1470 1055 1512 rero.
1094 1471 1158 1515 rens
1171 1457 1229 1529 ipse
1243 1465 1318 1522 crat,
1342 1465 1370 1513 et
1382 1456 1557 1514 concionibus
1569 1455 1698 1523 vacabat,
1708 1471 1769 1527 quae
1781 1456 1889 1513 nonnisi

253 1546 333 1617 duas,
348 1563 416 1619 quas
435 1548 468 1603 de
480 1547 595 1621 ieiunio,
608 1547 724 1605 Sarillus
739 1545 890 1617 inscripsit,
908 1546 1042 1616 precipue
1094 1545 1128 1602 ad
1144 1556 1258 1618 tempus,
1282 1561 1336 1617 quo
1347 1545 1497 1603 Antiochiae
1511 1545 1652 1619 presbyter
1662 1554 1737 1613 erat,
1756 1546 1903 1618 quadrina

251 1636 287 1692 de
298 1638 454 1708 penitentia
473 1652 554 1709 agere
569 1651 649 1697 nemo
673 1651 727 1695 non
750 1636 850 1704 rideat,
864 1625 1041 1707 quamohrem
1095 1646 1216 1708 possunt.
1236 1637 1358 1693 Hostium
1369 1645 1459 1693 autem
1477 1638 1602 1693 incursus
1612 1644 1688 1709 putat
1700 1637 1889 1695 tillemontius

253 1741 301 1783 eas
320 1726 351 1782 in
371 1729 443 1785 serie
467 1728 637 1786 homiliamm
661 1728 695 1789 do
716 1727 894 1795 Pteniteotia,
919 1727 988 1785 sicut
1013 1736 1041 1784 et
1094 1742 1155 1783 ease
1176 1728 1345 1785 invasionem
1367 1728 1439 1783 illam
1458 1726 1637 1793 hunnomm,
1663 1742 1723 1799 oue
1739 1743 1810 1785 anno
1834 1728 1888 1785 395

250 1815 353 1873 Fronto
368 1817 497 1887 bucaerrs,
513 1820 668 1878 locavimus.
794 1856 797 1859 -
1094 1819 1226 1897 contigit,
1247 1819 1321 1892 quod
1339 1827 1381 1875 sat
1401 1818 1510 1889 quidem
1529 1818 1674 1875 verisimile
1692 1818 1805 1877 ridetur.
1822 1819 1889 1877 Utut

286 1907 382 1965 Restat
392 1918 423 1965 nt
442 1910 477 1967 de
489 1911 617 1975 harumce
637 1914 811 1973 homiliarum
822 1916 892 1974 inter
904 1930 935 1973 se
947 1916 1042 1973 ordine
1094 1914 1211 1983 uerosit,
1226 1913 1296 1971 hone
1305 1912 1333 1969 in
1346 1909 1466 1981 ultimos,
1476 1908 1572 1982 quibus
1582 1908 1732 1966 Antiochiae
1742 1910 1887 1967 conciona-

244 2001 421 2059 disseramus.
442 2004 507 2071 llla,
532 2021 612 2077 quam
634 2008 746 2079 primam
773 2024 834 2065 com
846 2008 948 2067 savilio
962 2010 1041 2080 pooi-
1095 2016 1137 2063 tus
1151 2016 1202 2073 est,
1216 2019 1302 2061 annos
1314 2012 1465 2075 opportune
1479 2001 1624 2075 rejicimus.

249 2106 321 2161 mus,
334 2095 409 2164 euy'us
423 2094 538 2164 initium,
553 2095 634 2165 Nom,
645 2114 741 2168 quero,
764 2116 895 2168 memores,
908 2114 1042 2173 quamque
1126 2097 1242 2164 Quinta,
1258 2094 1331 2152 Loeto
1340 2094 1413 2152 nobis
1437 2094 1512 2150 bodie
1525 2111 1556 2150 oc
1577 2096 1666 2168 potire
1678 2092 1810 2149 celebriter
1822 2133 1830 2160 ,
1844 2098 1887 2149 cst

248 2182 381 2242 decimam
394 2194 422 2241 et
444 2196 608 2256 postremam
624 2188 725 2245 Fronto
740 2189 851 2247 busaeus
873 2191 989 2259 locauit,
1005 2205 1041 2247 ao
1092 2188 1273 2261 pulcherrima
1288 2186 1473 2260 chrysostomi
1485 2185 1605 2250 homilia,
1621 2199 1701 2257 quam
1716 2184 1748 2239 de
1769 2182 1884 2256 deiurio,

249 2287 311 2330 eum
324 2276 429 2331 ceteris
443 2284 564 2347 tempore
574 2278 727 2347 cohaereat,
750 2296 784 2336 an
795 2282 857 2351 y'ure
868 2281 985 2352 priorem
995 2296 1041 2337 oc·
1093 2280 1230 2352 inscripsit
1242 2278 1367 2336 Seruilius.
1377 2279 1410 2335 iit
1420 2284 1461 2335 ast
1474 2277 1581 2350 quidem
1595 2275 1629 2333 de
1637 2276 1750 2348 jejunio,
1761 2276 1809 2331 sed
1814 2290 1886 2347 pre·

248 2372 328 2434 cupet
343 2364 443 2434 locum,
459 2382 555 2437 necne,
566 2369 679 2441 perinde
690 2372 855 2443 ignoramus.
870 2373 945 2429 hane
958 2388 1040 2444 porro
1092 2372 1170 2443 cipue
1182 2372 1217 2429 de
1230 2370 1398 2441 poenitentia,
1412 2385 1472 2442 quae
1485 2382 1539 2440 quo
1552 2375 1631 2441 pacto
1645 2381 1706 2422 curn
1717 2365 1776 2421 aliis
1794 2364 1886 2421 cohe-

249 2455 408 2512 concionem
421 2456 514 2514 habuit
529 2468 667 2531 postquam
683 2476 745 2516 rnre
757 2462 921 2533 aliquantum
935 2472 1040 2533 ternpo-
1092 2472 1160 2531 reat,
1172 2461 1338 2535 deprehendi
1359 2460 1529 2518 nullomodo
1550 2468 1646 2531 potest.
1657 2457 1806 2515 Antiochiae
1820 2470 1886 2513 vero

247 2544 288 2600 ris
297 2546 456 2603 valetudinis
464 2562 544 2605 eausa
557 2560 689 2620 uersatus,
701 2552 736 2607 ad
747 2553 854 2611 solitum
863 2554 1039 2611 concionandi
1091 2554 1209 2613 habitam
1225 2554 1308 2611 luisse
1322 2552 1424 2609 lordicat
1437 2540 1654 2625 chrysostomus,
1667 2566 1729 2607 cum
1741 2550 1885 2607 monacho·

195 2665 198 2670 ·
248 2634 369 2693 olticium
384 2638 472 2694 rediit.
485 2640 671 2699 Antiochiaene
685 2658 750 2700 rero
764 2659 798 2699 an
807 2643 1039 2715 constantinopoli
1092 2648 1190 2705 rumin
1205 2646 1340 2703 montibus
1353 2644 1475 2717 proxime
1485 2640 1637 2716 deye‘ntimn
1652 2643 1805 2713 exemplum
1820 2656 1886 2697 con-

244 2724 318 2783 hanc
330 2728 483 2809 recitaverit
495 2730 632 2788 homiliam
641 2741 717 2790 oerto
732 2734 885 2791 dicerenon
898 2734 1037 2801 ralemus;
1094 2736 1266 2794 siderandum
1282 2734 1370 2803 ollert,
1381 2742 1410 2790 ot
1423 2732 1493 2791 solet
1502 2734 1529 2789 in
1544 2732 1718 2789 concionibus
1735 2724 1885 2789 Antiochiae

244 2817 372 2878 libentius
391 2838 455 2880 vero
468 2825 577 2881 credam
590 2826 752 2882 Antiochia.
769 2826 811 2883 An
821 2826 950 2897 secunda,
961 2828 1038 2899 eoy'os
1094 2828 1201 2885 habitis.
1219 2830 1322 2896 Serta,
1345 2827 1429 2895 ριιιιι
1439 2825 1548 2899 jmundi
1560 2823 1709 2896 spiritantia,
1724 2819 1768 2879 ¹de
1781 2821 1884 2893 y‘ey‘unio

247 2911 366 2978 initium,
386 2911 492 2969 i'idirtir
502 2916 636 2986 superiori,
653 2917 765 2988 primam
778 2932 842 2973 rcrc
864 2925 976 2988 sequuta
984 2918 1036 2985 sit,
1090 2920 1210 2975 marimo
1220 2919 1292 2989 agit3
1307 2932 1341 2973 an
1355 2930 1421 2972 vero
1430 2914 1591 2980 Antiochiae,
1607 2927 1641 2969 an
1653 2911 1885 2981 mnsurrtinopoli

248 3015 284 3056 ne
297 3002 451 3072 conjectura
469 3003 577 3076 quidem
596 3020 739 3075 possumus
753 3005 843 3063 dicere
860 3025 867 3062 :
881 3008 904 3063 si
924 3016 1037 3078 sequuta
1091 3010 1182 3066 habita
1196 3010 1289 3077 luerit,
1301 3007 1386 3075 nrrllo,
1398 3004 1555 3074 obsidetur,
1569 3002 1650 3072 mpdo
1663 3002 1827 3074 deprehendi
1840 2996 1886 3073 po·

249 3090 295 3157 sit,
310 3093 417 3147 nonnisi
428 3092 480 3147 alia
495 3094 652 3164 interposite
666 3104 805 3165 ιιιιιιιιιιιι
822 3095 904 3152 luisse
918 3096 1036 3167 opinor,
1090 3108 1152 3157 test.
1173 3097 1304 3157 homilias
1322 3098 1382 3154 illos
1407 3096 1476 3153 duas
1492 3096 1519 3150 in
1542 3093 1679 3151 Psalmum
1693 3092 1883 3163 quinquagena

246 3182 348 3237 etenim
358 3197 400 3249 ea,
415 3198 494 3254 quam
510 3199 539 3240 se
552 3192 701 3255 potremam
716 3185 843 3244 hahuisse
854 3194 997 3243 memorat
1008 3188 1036 3243 itt
1089 3208 1172 3260 mom,
1186 3206 1247 3264 quae
1261 3191 1288 3247 in
1310 3190 1405 3262 quinto
1425 3195 1499 3243 tomo
1518 3187 1606 3242 locum
1627 3183 1774 3251 habebunt,
1789 3192 1884 3255 putant

245 3274 374 3344 secunda,
402 3275 437 3332 tie
451 3275 548 3333 diaboli
564 3292 652 3349 pugna
677 3288 773 3336 contra
795 3276 938 3337 Christum
956 3288 985 3337 et
1002 3280 1037 3337 de
1088 3281 1197 3355 quidam
1210 3282 1329 3338 homiliis
1352 3278 1387 3336 de
1400 3278 1559 3335 Paenitentia
1573 3273 1844 3346 adjungendasesse:
1856 3282 1884 3330 at

243 3360 344 3421 christi
359 3365 470 3421 victoria
482 3368 587 3438 agebat,
601 3368 923 3442 inquitchrysostomns:
938 3370 964 3427 id
972 3386 1036 3428 rero
1088 3383 1118 3431 ut
1132 3388 1181 3439 suo
1191 3374 1251 3431 loeo
1261 3373 1393 3440 dicemus,
1402 3370 1553 3427 nullatenus
1567 3367 1693 3425 uidentur
1706 3381 1768 3423 cum
1782 3365 1824 3423 his
1833 3378 1881 3423 ec·

241 3470 297 3513 non
315 3458 474 3514 observatur
488 3460 515 3515 io
528 3458 639 3516 homilia
652 3462 761 3532 'prima
777 3454 934 3519 Secundam
943 3472 1035 3519 autum
1088 3468 1200 3525 herere.
1864 3478 1867 3487 '

126 3563 132 3587 ι
241 3544 394 3616 homiliam,
417 3549 491 3605 nulla
505 3550 674 3620 intermedia,
689 3561 801 3624 sequuta
824 3561 867 3608 est
886 3554 1036 3611 certissime
1108 3542 1190 3615 'Tres
1203 3566 1347 3629 sequentes
1364 3556 1502 3621 homiliae,
1515 3546 1627 3624 quarum
1640 3550 1880 3619 haesuntirritia,
1982 3538 1988 3549 ”
2052 3522 2053 3545 ἶ

241 3638 331 3704 tertia,
345 3640 452 3708 quesie
464 3640 567 3712 incipit,
581 3642 622 3696 An
631 3641 734 3697 nemetis
748 3642 825 3697 uode.
839 3642 907 3699 cum
921 3642 993 3699 eninr
1007 3642 1035 3698 in
1087 3636 1218 3719 septimas,
1233 3647 1352 3719 Serapcr'
1362 3647 1463 3717 ridden
1482 3645 1581 3700 diuinus
1593 3642 1742 3715 oportolcor
1756 3645 1882 3709 oetarae,

241 3728 358 3785 securrde
367 3730 401 3786 dc
410 3732 491 3789 uariis
502 3733 667 3804 preniteotiae
679 3734 730 3789 uiis
751 3743 824 3805 agat,
840 3735 868 3789 in
881 3734 958 3790 tertia
970 3748 1033 3790 cao·
1089 3738 1197 3793 Edonrsi
1217 3738 1270 3793 lteri
1290 3754 1306 3791 o
1319 3737 1387 3792 uobis
1398 3734 1544 3808 obfuerirnp
1558 3748 1646 3800 nonae,
1660 3730 1881 3800 Quemadmodum

238 3809 362 3889 ¹demde
383 3822 480 3894 quibus
502 3838 533 3881 se
558 3838 645 3895 nuper
670 3824 808 3896 loqnotom
831 3840 893 3883 esse
910 3825 1035 3882 testifica·
1086 3829 1152 3884 nibil
1172 3830 1297 3899 podest,
1313 3842 1366 3883 non
1393 3839 1471 3897 pares
1490 3832 1569 3880 notas
1586 3822 1742 3896 prelorum.
1757 3822 1879 3894 stylusa

239 3920 291 3979 tur,
308 3916 472 3985 poerritentiae
493 3917 553 3973 'rias
576 3925 714 3974 retractat.
734 3917 793 3986 Quo
807 3926 929 3989 tempore
944 3928 1033 3975 autem
1085 3918 1270 3991 chrysostomi
1293 3917 1423 3989 elegantia
1435 3929 1489 3971 non
1502 3929 1598 3985 parum
1612 3912 1724 3970 recedit.
1740 3911 1878 3979 ernoh·

239 4004 394 4073 editesint,
415 4022 450 4065 ne
469 4010 603 4080 conjicere
618 4008 728 4081 quidem
741 4024 897 4080 possumus,
907 4009 1033 4074 libentius
1085 4025 1143 4068 rent
1165 4024 1220 4067 non
1243 4010 1302 4067 sine
1326 4010 1416 4080 aliquo
1438 4005 1564 4077 scrupulo
1585 4018 1631 4087 eas
1652 4004 1723 4061 inter
1739 4018 1878 4075 perorana

181 4168 185 4174 .
238 4100 329 4148 tamen
345 4096 469 4163 credam,
495 4110 524 4153 ut
538 4098 573 4155 de
590 4100 673 4170 priori
698 4098 837 4168 dicebam,
866 4114 914 4156 eas
934 4101 1032 4157 Antio·
1085 4101 1269 4176 chrysostomi
1285 4091 1368 4172 opera
1386 4100 1583 4172 relinquimus;
1599 4110 1650 4154 nec
1660 4106 1749 4153 tamm
1762 4096 1798 4153 ah
1818 4095 1879 4155 aliis

239 4183 421 4244 ehiaehahitas
435 4189 527 4246 fuisse.
542 4190 608 4246 Nam
626 4192 654 4247 in
668 4194 747 4249 tertia
761 4191 954 4249 declaratsein
965 4194 1033 4250 urbe
1083 4192 1263 4265 sejungendas
1289 4206 1350 4249 esse
1372 4190 1509 4257 duximus,
1526 4188 1674 4260 quoniam,
1697 4196 1727 4242 ιιι
1744 4188 1800 4257 jaro
1814 4186 1878 4243 alibi

238 4274 373 4331 suburbiis
396 4286 490 4332 ornata
504 4279 668 4349 predicare,
686 4282 731 4337 ubi
754 4282 869 4353 populos
891 4281 1031 4338 audiendae
1083 4284 1246 4351 monuimus,
1267 4281 1424 4339 indicendi
1437 4294 1536 4352 genere
1550 4294 1604 4335 non
1617 4293 1724 4348 semper
1744 4277 1795 4333 sibi
1809 4292 1877 4333 eon·

237 4361 336 4419 christi
349 4365 479 4423 doctrinae
492 4369 605 4439 cupidus
618 4371 730 4441 singulis
743 4368 890 4428 Dominicis
901 4373 929 4429 in
942 4373 1029 4429 eccle-
1083 4382 1136 4431 stat
1145 4382 1253 4429 sanetus
1264 4371 1369 4429 doctor.
1399 4372 1473 4427 Alias
1493 4370 1605 4441 insuper
1628 4367 1814 4441 Chrysostomi
1828 4381 1877 4422 no·

236 4451 305 4507 siam
318 4452 461 4527 diligenter
472 4458 660 4525 concurrebat,
673 4460 746 4531 quod
760 4461 849 4532 potius
860 4462 1028 4518 Antiochiam
1082 4466 1155 4521 mine
1169 4463 1203 4521 de
1212 4462 1374 4520 Paenitentia
1388 4460 1513 4517 homilias
1527 4460 1668 4523 habemus,
1682 4472 1766 4528 quas,
1784 4464 1877 4529 utpote

237 4541 466 4617 designat,·quam
477 4546 735 4620 constantinopolin.
1081 4562 1174 4628 aperte
1187 4554 1305 4625 spurias,
1319 4552 1346 4608 io
1359 4550 1536 4623 appendicem
1549 4548 1714 4619 ablegamus.

193 4716 198 4728 .
270 4632 685 4708 Homiliaquarta,Poatoreritlo
697 4643 861 4714 frequentius,
872 4643 1029 4715 jurequar-
1080 4654 1082 4661 '
1116 4646 1415 4718 liomiliarumquartae,
1430 4642 1701 4712 septimoeetoctatae
1715 4638 1874 4708 interpreta-

234 4733 269 4779 ιιι
282 4724 399 4783 nomine
412 4727 564 4799 insignitur,
582 4730 796 4802 quaudoquidem
819 4732 1028 4804 chrysostomus
1081 4738 1181 4795 tionem
1207 4748 1305 4792 noram
1316 4732 1470 4797 edidimus,
1486 4731 1549 4799 quii
1563 4738 1640 4785 retus
1655 4740 1765 4799 prorsus
1779 4726 1874 4783 ritiosa

187 4825 192 4831 ’
233 4818 311 4874 initio
323 4817 433 4877 dieitse
448 4819 504 4891 itm
528 4832 622 4894 quarta
634 4823 679 4880 die
698 4832 727 4879 et
739 4826 798 4881 ricc
819 4825 854 4882 tle
865 4813 1026 4883 Poenltentia
1080 4837 1155 4886 erat:
1172 4825 1298 4884 secunde
1322 4822 1509 4894 interpretatio
1535 4828 1577 4877 cst
1591 4817 1736 4876 Frontonis
1758 4816 1871 4881 huceir

232 4922 324 4981 apere.
338 4907 391 4967 Sed
405 4926 471 4970 care
483 4920 560 4983 putes
580 4914 690 4985 perinde
703 4916 884 4977 eertumesse
897 4931 957 4972 eam
971 4926 1027 4971 tres
1068 4930 1237 4989 ¹camerarum
1252 4926 1340 4975 autem
1351 4913 1600 4986 interpretationem
1617 4910 1729 4968 cirelio
1739 4907 1875 4965 'lilemate

237 4997 317 5068 illas,
332 5016 400 5071 quas
417 5002 522 5073 priores
540 5005 697 5074 posuimus,
717 5013 763 5062 aut
785 5006 902 5078 aliquam
921 5006 1022 5063 exiliis
1079 5000 1179 5068 editam
1190 5009 1283 5095 multis
1296 5006 1401 5066 iulocis
1412 5002 1622 5063 emendarimus.

233 5101 372 5183 sequetem
388 5108 458 5154 esse.
470 5094 582 5153 Planum
605 5106 647 5155 cat
662 5108 716 5156 tres
730 5107 792 5155 ante
813 5098 883 5155 lrane
901 5106 1025 5170 quartam
