4142 6342
396 325 452 394 iis?
668 321 700 387 S.
718 320 857 388 maists
875 323 1112 386 castsbstttttt
1131 321 1293 386 ibenter.
1313 325 1587 426 oosstssttttoc.
1601 329 1777 394 EPiSTM.
1917 356 1938 420 cy

361 503 363 510 ,
399 449 509 522 pigeat,
522 443 669 519 meede
689 455 779 505 restra
791 445 944 503 ialetuditte
957 457 1143 517 sepenumero
1156 444 1196 500 ta·
1249 444 1387 516 voluptate
1398 445 1598 517 persuademur.
1613 446 1676 506 llaec
1696 450 1938 541 ἰςῑιιιιιιιιιιιιῐςιιῃΙ

397 557 459 598 cere
480 539 618 598 certiores.
632 539 699 597 Nam
714 549 743 596 et
755 540 836 612 longo
849 539 970 597 locorum
985 535 1126 594 interuallo
1136 537 1194 593 dis·
1247 547 1305 595 rata
1319 539 1384 606 siat,
1399 555 1481 612 quam
1494 542 1643 614 saepissime
1653 543 1689 600 de
1699 545 1738 602 his
1755 549 1937 623 retusum,

394 635 479 704 intueti
499 647 515 690 ι
537 632 614 691 uobis
627 631 663 690 de
676 633 758 690 rebus
768 632 866 688 restris
879 644 974 687 sumus
986 628 1113 684 solliciti:
1128 625 1197 686 acsi
1249 632 1418 706 taciteque
1433 649 1514 694 rrosse
1524 636 1718 704 desideramus,
1732 643 1938 716 utetianiuntiffl

398 729 473 784 torte
486 737 535 784 ros
552 723 764 782 intellexerimus
776 722 851 780 omni
871 721 989 779 tumultu
1003 735 1035 777 ac
1055 719 1197 792 perturba·
1249 726 1379 798 (tegente.
1391 729 1506 788 muggam
1517 729 1580 788 supp
1590 731 1790 792 wmppm
1802 737 1915 805 huf-m

395 821 471 876 tione
481 831 585 884 carere,
595 831 779 892 prosperaque
791 816 842 874 lrui
852 813 1015 881 ualetudine,
1030 828 1085 870 acu
1094 812 1198 886 rotgeri

913 1097 953 1162 ΙΝ
974 1093 1204 1160 scistellus
1223 1094 1279 1158 lta
1299 1093 1516 1160 GAESARIUH

1010 1256 1433 1370 MONITUM.

427 1491 547 1566 Epistola
556 1495 590 1552 ad
599 1493 743 1554 casarium
756 1493 974 1570 acbrysostctnc
984 1489 1094 1549 secundi
1107 1487 1190 1561 ipsius
1248 1485 1352 1544 duabus
1364 1490 1467 1546 naturis
1480 1490 1648 1563 disputarunt
1659 1511 1668 1560 ς
1678 1493 1740 1566 quia
1752 1497 1834 1569 etipse
1844 1498 1937 1568 titulutm

390 1588 480 1645 exsilii
493 1597 614 1661 tempore
633 1589 731 1659 scripta
746 1590 829 1644 iertur
846 1588 922 1644 initio
934 1594 962 1646 et
977 1589 1039 1642 sture.
1055 1584 1192 1652 luterprc·
1247 1591 1308 1633 ttcm
1322 1582 1479 1652 episcopum
1492 1583 1937 1658 Constantinopolitanum,scilioettln

390 1681 520 1740 tationem
534 1685 593 1753 ejus
605 1682 726 1738 Latinam
741 1698 774 1740 es
787 1681 885 1738 codice
903 1679 1017 1752 astudam
1035 1675 1193 1734 Florentino
1247 1679 1414 1740 scamnum,
1428 1683 1564 1730 auctorem
1578 1675 1670 1749 prodit
1682 1696 1692 1732 :
1703 1679 1742 1735 sic
1753 1682 1817 1736 culta
1827 1663 1937 1763 hebetius

388 1770 570 1846 descripserat
589 1773 654 1830 clim
675 1771 770 1830 Petrus
791 1773 891 1844 ,llartyr
911 1771 1099 1834 Flurcntinus,
1113 1767 1157 1840 qui
1176 1781 1192 1820 a
1248 1761 1356 1829 epistota
1375 1763 1443 1818 lecti
1459 1761 1570 1822 loannis
1591 1766 1705 1840 episcopi
1721 1769 1937 1846 constantinopolites

388 1863 520 1922 catholica
533 1866 663 1936 religione
675 1863 797 1933 descivit,
813 1879 844 1920 ac
858 1863 972 1920 delatam
987 1876 1078 1918 secum
1094 1860 1120 1915 in
1133 1861 1191 1913 uln-
1249 1851 1389 1910 Coescrittrn
1402 1859 1554 1914 croncclnnn
1569 1871 1682 1934 tempore
1693 1865 1791 1920 secundi
1802 1870 1869 1923 catilli
1877 1877 1937 1946 nim(

387 1955 481 2028 gliam,
495 1955 522 2012 in
533 1955 671 2014 cranmcri
682 1953 875 2028 archiepiscopi
885 1953 1086 2010 Cantrrariensis
1097 1949 1193 2005 biblio·
1250 1949 1338 2020 ipsum
1354 1960 1437 2007 toturn
1457 1954 1587 2024 repetitur
1601 1955 1627 2010 in
1645 1955 1698 2011 line
1713 1975 1720 2013 ι
1734 1955 1838 2028 Explicit
1848 1965 1927 2030 spinal·

389 2048 469 2108 thece
482 2049 612 2122 reposuit.
630 2051 666 2106 tt
683 2057 745 2122 post
759 2047 897 2106 Cranmcri
913 2061 1006 2103 necem
1021 2045 1080 2117 ejus
1092 2041 1192 2100 biblio·
1245 2039 1371 2108 iomanis,
1385 2052 1438 2099 etc.
1452 2043 1525 2100 Nihil
1544 2046 1642 2101 mirum
1657 2063 1721 2120 crgo
1734 2048 1756 2103 si
1768 2049 1931 2115 heterodotil'n¹

389 2139 470 2198 theca
483 2140 589 2213 direpta
602 2141 661 2208 luit,
673 2152 700 2197 et
711 2139 824 2211 epistola
836 2138 961 2208 deinceps
974 2151 1104 2208 nusquam
1119 2149 1193 2190 com·
1245 2134 1420 2205 prasalidnm
1447 2145 1540 2194 contra
1567 2139 1725 2196 catholicam
1753 2141 1824 2200 tidem
1846 2161 1930 2216 argum.-

385 2233 564 2304 peruincunt
577 2245 665 2291 autem
677 2232 721 2289 illa
731 2234 765 2290 ab
775 2233 819 2301 iis,
830 2231 876 2304 qui
885 2229 1192 2287 transsubstantiationem
1245 2229 1362 2284 mutuari
1383 2245 1462 2301 posse
1483 2241 1623 2306 putantes,
1637 2248 1697 2290 eam
1711 2236 1783 2307 quasi
1794 2239 1925 2308 genciumt·

387 2325 533 2398 negabant,
547 2327 574 2382 iu
588 2325 770 2383 testimouium
784 2325 897 2381 adducta
910 2325 1013 2390 luisset,
1024 2324 1060 2380 ab
1069 2321 1192 2394 eiusdem
1245 2319 1357 2376 sostomi
1373 2323 1465 2389 tcturu,
1477 2324 1554 2380 uullo
1573 2325 1713 2396 premisso
1727 2329 1846 2392 eramiae,
1858 2346 1917 2400 prou·

387 2418 676 2476 transsubstantiationis
690 2417 932 2491 propugnatoribus
942 2427 1067 2488 negatum
1079 2423 1122 2472 cst
1131 2429 1191 2470 eam
1245 2409 1399 2472 lietduinus
1413 2417 1493 2472 etiarn
1509 2417 1567 2488 ipse
1579 2427 1608 2474 cl
1619 2420 1699 2476 titulo
1712 2428 1739 2476 et
1751 2431 1855 2477 tetecum
1867 2433 1916 2478 test.

386 2509 493 2580 uspiam
516 2507 669 2578 exstitisse,
692 2509 771 2579 cujus
792 2509 929 2580 exemplar
951 2509 1054 2565 nullttm
1078 2505 1191 2578 procurri
1245 2506 1385 2576 abductus,
1398 2509 1584 2585 chrysostomi
1597 2529 1660 2570 csse
1674 2516 1788 2585 putarit;
1802 2516 1912 2588 idquodip

387 2613 490 2674 posset.
513 2603 592 2658 huno
610 2609 700 2659 autem
722 2601 792 2660 taso
811 2602 852 2658 vir
866 2601 901 2659 cl.
918 2599 1059 2658 limericus
1072 2599 1191 2670 Bigotius
1241 2595 1319 2654 surdo
1331 2598 1389 2666 luit,
1403 2610 1433 2656 ut
1444 2603 1540 2674 majori
1555 2615 1655 2660 conatu
1669 2613 1698 2661 et
1710 2604 1814 2662 icliciori
1825 2607 1881 2662 crin
1890 2612 1931 2662 ri·

386 2693 639 2764 interpretationem
658 2693 730 2750 tltam
744 2693 866 2751 Latinam
881 2709 915 2750 ex
929 2693 1022 2750 codice
1034 2691 1211 2750 Florentino·
1244 2691 1345 2748 riorum
1360 2693 1412 2749 tela
1428 2693 1575 2766 depelleret
1596 2705 1799 2770 argumentaque
1809 2701 1910 2754 corinun

385 2783 415 2841 in
438 2783 596 2842 bibliotheca
620 2786 855 2843 dominicanorum
876 2785 907 2842 h.
928 2785 1008 2842 llarci
1024 2783 1188 2854 descriptam
1244 2779 1304 2839 hac
1315 2794 1405 2840 autem
1420 2785 1543 2844 laudatus
1557 2789 1599 2844 ιιι
1613 2789 1726 2845 llichael
1738 2789 1841 2862 laquies
1853 2791 1872 2844 iu
1883 2684 1930 2875 hel

389 2876 474 2934 edidit
494 2887 554 2950 post
573 2877 683 2935 Palladii
704 2879 803 2935 libram
823 2879 857 2936 de
874 2880 927 2935 rita
944 2877 1139 2950 chrysostomi.
1155 2879 1191 2934 st
1244 2877 1318 2934 tione
1335 2881 1413 2935 tertia
1432 2881 1458 2935 in
1479 2881 1567 2938 fronte
1579 2883 1699 2954 Operam
1718 2883 1921 2939 stammam

387 2983 486 3024 censor
497 2969 629 3041 quispiam
645 2969 784 3042 epistolam
796 2969 852 3041 jam
865 2983 958 3026 cusam
971 2967 1190 3040 supprimendam
1242 2972 1331 3040 posita
1344 2988 1371 3042 p.
1385 2972 1491 3030 llhlllll
1503 2983 1531 3030 et
1546 2992 1621 3047 seqq.
1638 2992 1670 3033 se
1682 2977 1714 3032 de
1726 2977 1839 3032 cmlmtit
1847 2980 1904 3049 operi

386 3073 449 3116 esse
462 3058 583 3134 putauit,
598 3075 631 3117 ac
645 3074 738 3117 resera
753 3059 902 3131 suppressit
917 3073 979 3115 cum
995 3061 1066 3114 notis
1082 3058 1189 3131 Bigotii.
1244 3075 1301 3122 tare
1315 3067 1490 3134 testificatus,
1506 3068 1662 3141 hujusmodi
1681 3082 1821 3142 argumenta
1837 3085 1911 3140 pmpcc
1923 3060 1937 3145 l

388 3154 468 3208 Anno
482 3161 570 3209 autem
587 3151 656 3212 l685
669 3153 823 3224 Stephanus
836 3154 873 3210 Le
893 3153 1006 3228 lluync,
1023 3155 1051 3209 iu
1066 3152 1135 3209 libro
1146 3153 1190 3209 cui
1243 3169 1303 3212 cam
1315 3157 1508 3232 chrysostomo
1519 3159 1737 3232 abjudicandam.
1749 3161 1917 3218 Aninaclnnhu
1926 3150 1937 3243 y*

386 3245 491 3316 titulus,
509 3245 588 3302 i'cric
602 3247 696 3316 Sacra,
711 3247 796 3304 Temo
808 3249 905 3318 primo,
921 3247 988 3304 hanc
1002 3245 1143 3318 epistolam
1157 3245 1190 3302 ad
1242 3248 1330 3318 primo
1345 3266 1404 3305 cam
1418 3267 1433 3308 a
1447 3233 1554 3309 nemine
1568 3264 1630 3310 note
1645 3253 1783 3310 Leornmm
1793 3253 1924 3308 budanuh-

332 3353 335 3360 ’
387 3339 490 3396 calcem
509 3338 593 3396 edidit
606 3345 636 3396 ut
653 3341 681 3395 in
701 3337 751 3396 ils.
768 3339 897 3406 habetur,
913 3337 1003 3396 multis
1025 3338 1130 3394 mendis
1145 3352 1190 3392 rc·
1243 3341 1512 3414 etsipcrspicualoca
1525 3359 1620 3415 prese
1632 3345 1701 3401 lcrat
1714 3343 1915 3414 adsersuslnyclh
1935 3322 1936 3379 l

388 3447 531 3504 spersam,
547 3440 575 3488 et
588 3431 690 3504 aliquot
708 3431 734 3486 in
749 3431 816 3486 locis
828 3429 1002 3487 deformatam
1015 3471 1022 3494 ,
1037 3438 1066 3485 ut
1080 3431 1126 3485 virt
1139 3428 1189 3484 ali·
1243 3447 1348 3487 necnon
1372 3437 1450 3490 nnins
1473 3436 1618 3492 cularitatis
1640 3447 1668 3492 et
1690 3439 1833 3509 operationis
1845 3447 1900 3490 assu

387 3525 449 3598 quir
462 3540 558 3582 seusus
571 3524 632 3580 elici
649 3525 743 3596 possit.
758 3521 850 3580 Edidit
868 3525 949 3580 etiam
969 3539 997 3579 c.
1017 3523 1053 3578 cl.
1074 3523 1190 3580 lacobus
1243 3536 1304 3592 qua
1323 3537 1389 3579 sanc
1407 3525 1465 3581 loca
1487 3542 1540 3582 non
1555 3529 1782 3598 pretermittenda
1794 3414 1937 3671 cautius*

391 3617 512 3691 basnage
526 3617 697 3675 liuterodami
709 3631 780 3673 anno
795 3615 874 3680 ittet,
888 3631 949 3672 cum
965 3626 1041 3686 parte
1060 3617 1104 3671 illa
1120 3631 1190 3686 pra·
1242 3615 1335 3685 quinta
1354 3626 1382 3673 ct
1401 3628 1475 3674 sexta
1488 3662 1496 3686 ,
1511 3635 1566 3674 nou
1581 3621 1615 3676 ab
1630 3621 1745 3693 illisqui
1761 3619 1930 3681 carceream

390 3712 500 3768 lationis
513 3711 677 3784 bigotianae,
692 3726 752 3782 qum
772 3709 841 3767 banc
854 3709 994 3780 epistolam
1007 3707 1188 3780 respiciebat,
1241 3719 1377 3780 gnorunt,
1393 3725 1445 3765 noti
1460 3727 1475 3766 a
1490 3711 1607 3768 Nestorii
1622 3713 1771 3769 vindicibus
1783 3731 1790 3779 ;
1804 3723 1827 3768 et
1839 3707 1926 3764 tacta*

387 3821 501 3880 qumque
520 3821 581 3860 cum
603 3803 714 3875 epistola
731 3803 765 3860 ad
780 3803 925 3858 cmsarium
939 3808 1070 3872 expuncta
1085 3801 1187 3865 luerat,
1242 3815 1336 3858 corum
1357 3803 1426 3859 itanc
1446 3805 1604 3875 epistolam,
1619 3808 1659 3862 rel
1682 3807 1739 3878 ejus
1759 3799 1922 3869 tactutrnecls

387 3897 499 3968 adjectis
512 3897 592 3954 etiarn
606 3895 762 3967 fragmentis
776 3895 887 3960 crucis,
902 3909 961 3966 qum
975 3892 1095 3966 bigotius
1108 3893 1190 3950 colle·
1242 3897 1473 3952 commemorarit.
1489 3896 1587 3970 Adjicit
1601 3899 1642 3954 tir
1653 3899 1748 3954 doctus
1766 3899 1810 3952 tuos
1827 3890 1924 3964 imma

387 3998 473 4061 gerat.
490 3989 556 4044 Aliae
569 4003 675 4060 quoque
689 3987 759 4060 apud
772 3971 952 4044 betero'doxos
968 3985 1127 4058 prodierunt
1140 3987 1190 4039 hu-
1242 3985 1308 4053 dos,
1325 3989 1402 4057 erocl
1423 3991 1552 4062 inferrem
1570 3993 1683 4048 cronrsit
1700 3993 1726 4047 in
1743 3989 1928 4047 cimerberc·

385 4083 431 4155 ias
443 4082 565 4153 epistole
583 4081 725 4136 editiones.
742 4081 854 4136 hemum
873 4079 914 4134 vir
927 4076 1047 4133 eruditus
1061 4077 1103 4133 lo.
1120 4075 1189 4131 tlar-
1243 4092 1362 4136 rtotnrcrn
1375 4093 1432 4153 port
1446 4085 1606 4140 unitionem?
1618 4097 1645 4141 et
1659 4083 1757 4140 lterum
1775 4076 1901 4138 dirimire

387 4175 486 4231 daimts
498 4189 531 4230 es
546 4173 680 4230 societate
692 4172 756 4229 iesu
769 4185 841 4227 artno
854 4169 923 4226 ttstt
933 4169 1056 4224 eamdem
1072 4167 1190 4240 publica·
1241 4167 1335 4226 cionem
1345 4189 1396 4227 rrcn
1408 4183 1507 4243 oportet
1518 4175 1601 4230 dicere
1614 4176 1678 4230 dnos
1692 4187 1801 4238 naturas,
1811 4167 1907 4229 etsimile.

388 4268 447 4334 rit,
470 4281 581 4337 remque
605 4265 763 4322 catholicam
784 4265 911 4320 adsersus
931 4261 1127 4326 heterodoxos,
1143 4261 1189 4331 qui
1243 4272 1298 4317 tum
1310 4265 1431 4334 usurpari
1442 4267 1557 4335 coepissc
1567 4278 1708 4338 postquam
1720 4252 1915 4340 cycittusttcuni'

389 4360 459 4415 hanc
481 4357 515 4412 ad
538 4373 585 4413 sua
608 4357 705 4413 tuenda
730 4358 854 4426 dogmata
878 4355 1057 4426 usurpabant,
1081 4362 1191 4411 strenue
1241 4351 1370 4410 adversus
1382 4355 1534 4412 Nestorium
1553 4359 1682 4429 scripsit:
1698 4357 1739 4413 ca
1750 4358 1832 4412 ducias
1840 4343 1913 4405 mtnir'

389 4447 547 4505 vindicavit.
561 4447 609 4504 llic
623 4449 717 4504 iterum
734 4448 804 4503 illam
821 4447 980 4518 proiecimus
994 4445 1096 4517 aliquot
1108 4447 1134 4500 in
1150 4446 1190 4501 lo-
1242 4440 1345 4515 {uirilem
1356 4448 1495 4502 unitionem
1507 4453 1665 4522 arefactam
1676 4447 1828 4505 :dicidmdas
1837 4450 1908 4496 mica

358 4593 361 4604 ,
388 4541 430 4596 eis
442 4537 610 4595 emendatam
623 4553 631 4604 ;
645 4525 908 4608 imgmeata'autem,
922 4553 981 4609 uum
995 4553 1029 4593 ex
1048 4537 1189 4593 anastasio
1242 4540 1349 4595 stantius
1368 4551 1425 4612 past
1439 4543 1599 4609 unitionem·
1612 4559 1689 4598 umam
1704 4551 1759 4614 post
1772 4539 1912 4595 unitiormct

390 4633 557 4706 presbytero,
572 4647 606 4688 et
619 4631 721 4689 loanue
735 4631 900 4688 Damascena
913 4641 941 4688 et
959 4647 991 4687 ex
1006 4632 1066 4687 aliis
1079 4630 1190 4687 desum·
1248 4630 1322 4687 Verbi
1340 4643 1459 4688 naturam
1482 4635 1661 4702 incarnatam,
1682 4645 1710 4690 et
1731 4642 1849 4706 postquam
1863 4622 1902 4676 tit}

389 4735 435 4798 pta
447 4725 560 4788 luerunt,
575 4725 694 4782 auctiora
705 4724 810 4791 damus,
823 4725 952 4781 huncticio
963 4724 1109 4781 doctissimi
1123 4726 1190 4780 ami·
1241 4723 1322 4778 scrita
1335 4724 1512 4796 digladiantes
1525 4725 1633 4796 plurimi
1646 4740 1679 4782 eo
1691 4724 1842 4783 devenerunt,
1852 4711 1925 4768 tld‘tfl

391 4817 547 4888 cissimiryuc
558 4817 608 4874 uiri
623 4815 760 4874 llichaclis
775 4817 892 4888 lequien
905 4822 937 4874 cir
951 4817 1046 4874 urdine
1057 4816 1191 4873 Pradica·
1241 4812 1327 4884 ipsam
1342 4815 1469 4871 deitatem
1484 4829 1590 4887 passam
1604 4815 1703 4884 luisse3
1716 4829 1764 4887 qut
1776 4821 1839 4867 aare
1849 4794 1924 4859 &5¹²²

391 4919 490 4974 torum,
501 4909 546 4980 qui
560 4908 618 4966 baec
630 4925 662 4964 cx
673 4909 814 4965 snasmsto
826 4918 852 4966 ct
862 4923 896 4964 ex
907 4908 1011 4965 loanne
1025 4909 1191 4964 Damascena
1242 4906 1444 4967 dissertationes
1459 4910 1530 4977 illae,
1545 4925 1605 4982 qua
1619 4909 1753 4966 Athanasii
1771 4894 1917 4963 nomineris*

391 5000 544 5074 diligentins
558 5001 674 5072 collegit.
1242 5009 1337 5056 rantur
1347 5001 1432 5058 Tamo
1444 5003 1563 5060 secundo
1577 5020 1606 5076 p.
1620 5003 1683 5070 56⁰,
1697 5001 1744 5060 set
1756 5010 1781 5057 ct
1791 5012 1859 5065 seco.
1870 4980 1932 5063 Μ*

427 5095 486 5152 lam
499 5094 543 5152 bic
556 5093 669 5165 plurima
683 5093 853 5165 disquirenda
867 5103 942 5160 sunt;
959 5093 1083 5149 nimirum
1097 5107 1132 5149 an
1146 5092 1190 5150 hic
1242 5091 1343 5149 eaedcm
1364 5093 1449 5150 lerme
1471 5111 1515 5152 res
1537 5097 1719 5167 exagitantur,
1733 5109 1787 5167 qum
1805 5089 1827 5145 itt
1842 5066 1924 5146 illc*

344 5187 352 5216 ⁸
391 5187 507 5259 scriptor
519 5186 555 5242 sit
569 5183 686 5242 ioannes
699 5183 924 5260 chrysostomus,
939 5199 972 5239 au
989 5185 1058 5259 ,alius
1073 5191 1117 5257 qui
1131 5183 1190 5255 ejus
1242 5185 1341 5255 passim
1363 5187 1494 5244 teruntur.
1513 5187 1617 5260 Pugnat
1635 5203 1738 5260 quaque
1754 5187 1790 5240 rir
1804 5164 1924 5237 eruditu*

388 5295 488 5336 nomeu
505 5279 684 5342 ementiatur;
700 5277 744 5348 qui
759 5278 794 5332 sit
812 5277 932 5348 epistulm
951 5293 1065 5348 scopus;
1080 5289 1108 5333 ct
1126 5279 1188 5350 quirl
1241 5276 1382 5348 epistolam
1404 5295 1456 5335 non
1477 5281 1559 5336 niodo
1579 5291 1639 5352 post
1654 5274 1820 5354 chrysostomi
1834 5270 1930 5346 cbitmq,

390 5371 560 5426 sentiendum
573 5370 610 5426 sit
621 5369 655 5425 de
668 5369 728 5425 loco
742 5367 804 5437 illo,
819 5369 864 5440 qui
877 5367 947 5424 circa
963 5371 1188 5425 transmittentiu-
1242 5371 1323 5428 etiam
1336 5381 1396 5442 post
1408 5369 1575 5429 Nestoriaace
1587 5373 1696 5429 heresis
1704 5377 1812 5427 exortum
1820 5332 1931 5445 ,impasti

391 5463 486 5518 nonem
498 5470 538 5518 tut
551 5461 794 5518 controversiarum
806 5475 898 5516 ansam
912 5459 994 5516 dedit.
1242 5479 1272 5520 sc
1287 5480 1293 5517 :
1310 5479 1321 5514 ι
1337 5461 1405 5518 liam
1418 5474 1508 5528 antea,
1523 5465 1618 5535 inquit,
1632 5463 1746 5520 auditum
1758 5473 1802 5514 nort
1815 5435 1925 5524 reicies

428 5555 504 5623 Quod
517 5556 612 5612 attinet
620 5553 655 5611 ad
667 5555 780 5625 primam
791 5555 977 5625 qiraestioucm,
991 5563 1078 5610 utrum
1089 5555 1190 5614 scilicet
1243 5571 1297 5612 non
1311 5555 1391 5610 modo
1406 5555 1545 5611 cadesim
1557 5554 1799 5624 maturic,sedetiatt
1808 5545 1829 5599 ft
1838 5531 1925 5594 W*

391 5647 451 5706 hac
470 5648 583 5720 epistola
602 5647 636 5704 sit
657 5663 721 5705 uere
742 5647 945 5720 chrysostomi,
966 5663 1050 5704 necne
1067 5668 1074 5703 ι
1089 5663 1119 5704 ca
1141 5646 1200 5720 pro'
1242 5659 1316 5712 scere,
1335 5667 1345 5700 r
1362 5647 1433 5719 qrrod
1448 5647 1561 5718 primum
1575 5647 1690 5719 cyrillus
1701 5643 1798 5706 docuit;
1810 5607 1926 5732 deicidis?

392 5740 578 5814 chrysostomi
591 5741 646 5797 ictu
659 5741 747 5796 habita
760 5751 801 5796 est
814 5755 829 5796 a
842 5739 944 5796 ioarrue
960 5741 1140 5806 hanrasccno,
1156 5743 1190 5798 ab
1243 5741 1328 5796 rioilus
1337 5739 1665 5796 chalcedonensiscoutra
1679 5721 1898 5807 commonenti

393 5831 535 5890 Αιιιιιιιὶο
547 5832 713 5905 presbytero,
727 5847 743 5889 a
755 5831 915 5916 Nicephoro,
928 5833 963 5891 ab
975 5833 1087 5907 aliisque
1098 5836 1143 5908 qui
1156 5835 1190 5898 dc
1245 5837 1324 5890 ctiam
1340 5831 1463 5906 synodus
1478 5847 1511 5891 cx
1524 5830 1625 5906 cyrillo
1637 5830 1740 5905 adiecit,
1752 5823 1852 5885 citiam
