4142 6342
197 239 259 296 ’Π
616 253 657 292 lffb
677 242 790 293 tibhblt
809 245 948 294 dilubrum
975 257 1114 293 ranei...
1138 268 1307 293 tau-..ausus
1328 262 1476 294 .t,›....a.·t.x·
1831 237 1864 292 {8

225 353 319 416 lianc
331 351 455 429 ipsam,
469 350 504 411 ui
522 348 632 422 fallor,
648 350 793 429 eorporis
806 351 1029 429 egritudinem
1047 353 1080 412 iu
1094 350 1155 412 bae
1167 351 1264 413 etiam
1274 352 1430 413 concione
1441 347 1877 429 commemorathrysostof

226 448 313 494 mus.
332 430 510 506 Utramque
530 428 634 501 enim,
654 430 739 490 bane
761 429 883 490 scilicet
903 427 941 490 de
960 430 1119 491 Parabola
1138 426 1289 491 debitoris
1309 429 1417 490 decem
1440 428 1576 490 millium
1597 426 1810 500 talentorum,
1832 436 1863 488 et

224 511 318 572 illam
330 507 371 570 ad
383 509 554 581 llustieos,
570 510 644 586 post
653 507 875 586 egritudinem
890 507 1014 569 habuit.
1030 509 1107 570 Utra
1123 524 1200 568 vcro
1215 509 1303 584 prior
1315 509 1424 570 habita
1435 506 1547 577 fuerit,
1563 506 1631 584 ipse
1642 505 1805 569 declarare
1816 505 1864 567 vi·

228 590 321 650 detur
332 587 427 647 initio
441 585 590 665 hujusce,
604 585 643 648 de
659 603 725 662 qua
738 604 826 647 nuuc
839 586 947 664 agitor
961 607 968 645 :
986 587 1075 647 illam
1088 585 1208 664 quippe
1222 585 1268 646 sic
1283 586 1407 646 orditur
1422 606 1429 644 ι
1446 585 1545 661 Quasi
1556 602 1594 644 ee
1607 585 1780 666 loaqiaquu
1788 601 1862 662 per·

227 665 423 746 rpmautioae
443 663 484 724 od
498 683 553 725 vos
572 682 712 725 reseratu
734 683 843 733 essem,
859 665 907 726 t'to
919 683 965 724 me
976 665 1068 727 ltottie
1082 663 1226 744 affectum
1239 665 1350 724 seatio.
1364 665 1439 726 Hac
1449 680 1527 724 saue
1537 664 1647 736 verba,
1657 667 1688 726 et
1696 663 1860 740 complura

225 761 300 826 qute
333 747 536 820 sequuntur,
557 744 662 822 primo
681 749 753 821 post
772 747 995 822 recuperatam
1016 742 1233 806 valetudinem
1255 742 1424 804 salutantis
1444 746 1538 815 sunta
1561 742 1656 804 itaut
1670 742 1738 804 lutee
1750 741 1863 804 concio

225 821 424 886 hauddubie
439 823 638 900 precesserit
650 838 738 894 eam,
755 840 827 900 quae
842 823 1009 885 Dominiea
1024 825 1100 884 aute
1112 821 1343 883 ascensionem
1356 820 1467 884 hahita
1483 821 1543 882 fuit
1554 835 1640 883 anno
1653 819 1729 896 387,
1743 837 1862 883 annno

225 905 353 976 autem,
369 916 412 962 an
426 901 574 978 pluribus
590 900 721 970 diebus,
736 901 905 962 incertum.
1312 911 1314 916 ’
1875 975 1877 980 ,

265 977 493 1058 iuterpretatio
513 979 628 1041 Latina
649 985 697 1041 est
715 980 801 1041 Petri
822 979 940 1041 Nauuii
958 977 1173 1053 Alcmariaui,
1188 995 1286 1056 quam
1306 975 1453 1058 plurimis
1470 977 1503 1038 iu
1518 977 1597 1040 locis
1617 977 1846 1060 castigavimus
1874 1052 1877 1064 Ι

821 1191 882 1276 ΙΝ
908 1186 1260 1275 PARABOLAM

226 1363 334 1409 »matt
356 1361 716 1410 tttttttttrrtuuuvoauta
737 1362 917 1420 castronis,
940 1363 981 1406 sr
1000 1363 1130 1410 carrata
1152 1363 1309 1408 uastatos
1326 1363 1506 1419 suenrus,
1529 1362 1569 1408 ur
1582 1361 1667 1416 oooo
1688 1361 1767 1410 ortvs
1784 1362 1859 1408 rse-

428 1435 509 1506 ctr⁸o
529 1459 690 1506 numurus
711 1461 763 1508 εει·
780 1462 977 1507 rasonrtnurt
998 1461 1199 1508 succensam
1222 1445 1372 1524 (Morta,
1390 1446 1438 1508 18.
1461 1446 1518 1510 23..
1534 1465 1599 1527 sqq.
1623 1444 1686 1527 (a).

841 1609 1238 1667 &office——

248 1771 274 1826 f.
284 1769 446 1827 sitiemafo
453 1767 766 1842 mtudsisae'grutulutun
775 1767 1019 1838 ditectioautaqaoat
1073 1781 1121 1823 nos
1135 1783 1241 1840 quoque
1252 1767 1394 1834 facientes,
1409 1777 1437 1824 et
1450 1769 1509 1824 f'oeo
1521 1768 1664 1840 digitorum
1675 1775 1790 1826 mentem
1814 1783 1860 1825 ve·

224 1862 378 1917 ιειέαιει.-
386 1860 470 1929 Quasi
481 1876 515 1918 ex
538 1860 680 1932 torxgtnqoa
696 1861 910 1932 peregrinatione
923 1861 956 1917 ad
970 1875 1017 1916 vos
1070 1867 1150 1914 tram
1161 1867 1334 1916 attrectantes
1358 1862 1497 1932 preceptis
1519 1861 1564 1917 liei
1577 1861 1797 1926 admovebimus,
1818 1860 1861 1931 ju·

223 1965 348 2009 resersus
361 1966 460 2020 εεεειε,
481 1952 517 2007 ita
539 1966 584 2007 me
598 1950 677 2009 bodie
693 1950 816 2008 affectum
830 1951 916 2008 sentio
931 1969 938 2006 ε
955 1966 1016 2006 eum
1069 1949 1242 2021 bebitnusquc
1267 1965 1298 2004 ea
1323 1950 1390 2006 scite
1411 1958 1439 2006 et
1453 1950 1589 2022 eleganter
1605 1951 1745 2022 attingere,
1762 1965 1815 2006 non
1829 1959 1860 2005 ut

226 2043 298 2100 ειιίιιι
309 2042 410 2099 nullutn
425 2042 572 2098 amicorum
582 2031 747 2098 consortium
761 2057 821 2098 εεεε
833 2050 935 2114 potest,
950 2041 1016 2097 nibil
1069 2041 1206 2098 bominum
1220 2043 1370 2110 theatrum,
1385 2043 1432 2099 sed
1453 2052 1481 2100 ιιι
1495 2044 1649 2114 angelorum
1668 2042 1793 2121 populum
1812 2056 1866 2112 per

223 2137 358 2194 commodi
381 2136 458 2193 affert
485 2151 577 2194 eorum
600 2137 754 2208 presentia.
769 2135 945 2204 Quamobrem
966 2150 1016 2190 nos
1070 2131 1138 2188 bane
1150 2132 1312 2204 voluptatem
1327 2131 1459 2188 excitetis.
1472 2131 1531 2188 Non
1544 2131 1614 2189 enim
1634 2133 1701 2188 satis
1712 2140 1754 2188 εει
1770 2131 1792 2188 si
1803 2131 1861 2189 efe-

222 2229 267 2300 qai
292 2227 367 2284 domi
394 2226 568 2284 retrahamur
596 2241 707 2298 peregre
733 2225 899 2284 versantibus
932 2224 1016 2280 nihilo
1068 2223 1128 2294 quia
1149 2223 1238 2280 divina
1258 2239 1426 2294 percenseas,
1440 2223 1490 2279 nisi
1510 2237 1541 2280 ea
1563 2238 1670 2295 quoque
1686 2223 1766 2280 rebus
1788 2237 1857 2295 prte-
1972 2235 1976 2244 ·

221 2318 274 2376 bac
298 2319 325 2374 ia
341 2325 420 2390 parte
443 2317 577 2374 feliciores
590 2315 712 2373 fuimus:
731 2316 856 2372 nimirum
871 2316 917 2387 qui
937 2329 1016 2386 sape·
1068 2323 1122 2370 stes
1143 2325 1192 2371 :et
1209 2315 1433 2387 quemadmodum
1454 2316 1481 2372 in
1507 2316 1607 2372 eithara
1635 2329 1733 2372 nervos
1753 2315 1858 2386 attingit

220 2411 294 2467 riore
319 2420 442 2480 tempore
455 2409 529 2464 nulla
544 2407 682 2465 vobiscum
699 2408 832 2480 colloquia
850 2404 950 2464 habere
967 2423 1015 2478 po-
1067 2405 1175 2474 artifes,
1201 2405 1306 2477 attingit
1325 2421 1430 2478 quoquc
1448 2417 1473 2464 et
1488 2406 1641 2476 imperitus,
1655 2421 1747 2462 verum
1767 2407 1814 2474 ita,
1829 2415 1858 2462 ut

220 2499 344 2556 tuimus:
364 2500 412 2556 sed
434 2499 521 2555 danda
545 2508 587 2557 est
609 2499 777 2568 retiacum
799 2499 930 2557 illudnon
943 2499 1015 2556 iacr-
1067 2498 1117 2554 iste
1138 2497 1286 2554 auditorem
1309 2506 1397 2566 vexet,
1417 2499 1460 2554 ille
1482 2497 1662 2568 voluptatibus
1686 2505 1713 2554 et
1741 2497 1859 2554 oblecta·

222 2591 277 2659 tise,
301 2591 349 2648 sed
374 2591 537 2648 infirmitatis
557 2592 692 2650 silentium
722 2589 814 2648 fuerit.
838 2591 1013 2650 Gratulamini
1068 2589 1138 2646 tione
1152 2590 1264 2661 repleat,
1287 2591 1338 2647 etsi
1352 2591 1492 2662 utrobique
1514 2590 1632 2662 ejusdcm
1653 2589 1759 2662 generis
1783 2588 1858 2660 digiti

135 2755 142 2766 ι
222 2683 302 2752 igitur
327 2697 372 2738 me
393 2681 427 2737 ab
452 2697 484 2738 ea
504 2683 658 2740 infirmitate
681 2677 861 2749 convaluisse,
887 2696 1014 2753 egorero
1066 2687 1094 2736 et
1126 2681 1205 2738 iidem
1233 2683 1307 2738 nervi
1331 2683 1405 2750 sint,
1431 2681 1479 2739 sed
1500 2699 1553 2740 nott
1575 2682 1668 2739 eadem
1688 2681 1804 2754 peritia:
1822 2681 1857 2736 ita

225 2773 344 2845 gaudeo,
362 2773 433 2845 quod
453 2788 502 2829 vos
527 2771 758 2831 maissimosmihi
771 2774 936 2843 recuperavi.
949 2773 1015 2830 Erat
1066 2785 1172 2842 quoque
1191 2771 1217 2827 in
1239 2771 1323 2828 sacris
1346 2773 1509 2844 Scriptum,
1540 2772 1616 2828 multi
1636 2771 1736 2829 adeunt
1753 2771 1857 2844 eloquia
1919 2790 1922 2798 ¹

215 2852 288 2918 inibi
306 2863 377 2918 inter
402 2863 582 2934 aegrotandum
609 2864 668 2935 ipso
690 2863 784 2920 morbo
803 2863 927 2935 gravius,
943 2865 1013 2935 quod
1066 2861 1170 2930 divina,
1197 2861 1244 2918 sed
1269 2877 1322 2919 non
1343 2877 1437 2921 omnes
1456 2864 1559 2920 lucrum
1584 2863 1646 2920 inde
1667 2862 1784 2929 faciunt,
1809 2869 1856 2917 aut

220 2953 302 3026 hujus
322 2954 414 3011 dilecti
435 2964 521 3012 coetus
544 2955 675 3026 particeps
701 2970 761 3012 esse
785 2969 839 3010 non
873 2964 1011 3025 powrsm:
1066 2953 1179 3012 fmctom
1205 2954 1340 3024 referunt;
1359 2957 1386 3012 in
1408 2969 1488 3014 caum
1510 2954 1658 3027 estquod
1676 2969 1764 3028 aeque
1785 2953 1856 3010 dicta

219 3062 291 3104 nunc
309 3062 373 3104 vero
393 3048 514 3104 restituta
538 3048 702 3116 valetudine,
726 3047 782 3118 ipsa
808 3047 920 3104 sanitate
948 3048 1012 3104 mibi
1066 3048 1131 3104 satis
1151 3056 1313 3116 scrutentur,
1327 3063 1415 3121 acque
1436 3063 1496 3105 eum
1517 3045 1631 3105 artificio
1646 3037 1775 3104 citharam
1794 3047 1855 3118 pul·

219 3139 361 3210 optabilius
382 3148 441 3208 est,
459 3139 529 3210 quod
555 3149 652 3222 vestre
665 3138 782 3196 caritatis
795 3138 897 3196 delictis
912 3138 1012 3212 perfrui
1064 3149 1124 3196 sent
1140 3139 1230 3212 :quod
1254 3141 1325 3196 enim
1348 3141 1374 3198 in
1397 3155 1425 3196 re
1446 3139 1616 3196 ettbaroettca
1638 3153 1692 3205 ars,
1707 3139 1757 3194 boc
1769 3137 1864 3209 ipsum.

219 3246 315 3288 secure
327 3231 416 3287 liceat.
443 3230 501 3288 Non
514 3231 585 3288 enim
599 3231 680 3288 febris
689 3239 790 3287 matum
800 3232 921 3288 ardorem
936 3231 1013 3288 iave-
1065 3231 1092 3286 in
1119 3229 1165 3286 liei
1187 3230 1292 3302 legibus
1314 3246 1424 3303 operum
1439 3219 1577 3286 exhibitio.
1595 3229 1649 3286 flos
1672 3237 1760 3286 auara
1773 3241 1863 3284 anam·

219 3319 260 3376 hit
279 3319 485 3376 febricitantium
510 3321 677 3392 corporibus,
702 3328 829 3392 quantum
841 3321 938 3400 anisnis
964 3335 1012 3375 no·
1064 3319 1190 3376 chordam
1204 3321 1369 3391 pulsavimus
1384 3336 1432 3391 per
1440 3329 1522 3377 totam
1535 3319 1775 3393 quadragesimam,
1790 3319 1866 3374 dum·

219 3409 283 3467 stris
296 3409 442 3466 amicorum
457 3411 605 3467 absentium
621 3406 792 3476 desiderium,
807 3419 833 3466 et
849 3409 923 3465 utilli
934 3409 1011 3481 plaia·
1064 3408 1150 3482 legem
1173 3411 1249 3467 vobis
1268 3411 1302 3468 de
1313 3411 1472 3483 juramentis
1493 3413 1672 3480 recitavimus,
1692 3418 1720 3468 ct
1734 3411 1780 3467 liei
1792 3425 1855 3482 gra·

218 3498 259 3555 fas
280 3508 308 3556 ει
327 3499 422 3572 poeula
441 3510 469 3557 et
485 3499 595 3572 frigidos
618 3501 717 3568 fontes,
744 3501 779 3555 ita
798 3501 842 3556 isti
862 3499 1009 3556 amicorum
1064 3501 1099 3558 tia
1127 3503 1250 3560 effoetum
1271 3509 1332 3573 est,
1356 3513 1385 3560 ot
1408 3503 1535 3576 pleraque
1559 3503 1709 3561 auditorum
1737 3517 1753 3558 a
1777 3501 1855 3560 nobis

218 3591 310 3648 uultus
324 3600 461 3664 exoptant.
475 3591 577 3648 Norunt
591 3591 628 3648 dli
641 3594 686 3663 qui
703 3607 794 3648 amare
805 3601 1008 3648 consueverunt.
1063 3607 1109 3648 ora
1126 3595 1153 3650 ia
1179 3593 1229 3652 bac
1254 3595 1319 3667 legis
1345 3595 1459 3652 melodia
1473 3595 1508 3652 ita
1526 3595 1645 3660 instituta
1668 3595 1731 3661 sint,
1757 3601 1786 3650 ut
1805 3592 1854 3649 de·

217 3679 274 3754 Age
296 3683 376 3754 igitur
401 3682 508 3753 quande
534 3683 655 3738 morbum
683 3682 870 3753 deposuimus,
896 3667 1009 3738 invicem
1063 3687 1137 3758 pulsa
1162 3703 1241 3759 prava
1264 3687 1467 3754 consuetudine,
1483 3702 1575 3758 proeo
1592 3687 1664 3758 quod
1678 3693 1754 3741 attica
1769 3683 1862 3741 licum·

217 3774 381 3846 expleamur,
408 3774 431 3831 si
455 3775 535 3830 modo
545 3775 606 3851 ‚fleri
620 3775 707 3844 liceat,
725 3783 754 3830 ut
772 3773 816 3830 hic
834 3773 914 3830 ullam
927 3775 1009 3830 satie-
1060 3779 1195 3850 jurabant,
1206 3779 1261 3852 jam
1275 3779 1402 3835 nibil'nisi
1415 3779 1544 3845 Est„llou
1559 3787 1615 3845 est,
1631 3786 1658 3834 et
1676 3774 1762 3833 Crede
1776 3773 1853 3843 mibi,

216 3873 298 3922 tatem
313 3866 495 3934 invenienda
509 3867 658 3922 dilectionis
671 3867 742 3922 enim
755 3873 847 3922 natura
861 3867 1008 3922 satietatem
1062 3871 1088 3925 ia
1104 3871 1191 3942 lingna
1206 3885 1252 3926 sua
1274 3871 1473 3940 circumferant,
1490 3871 1570 3943 idque
1584 3869 1693 3926 inomni
1706 3867 1850 3937 colloquio,
1865 3889 1868 3894 ·

216 3969 270 4011 '¹⁰¹¹
285 3957 368 4024 Mill·
389 3963 417 4012 ¹¹¹
437 3972 470 4013 0¹
494 3970 544 4012 ¹⁸¹¹
565 3955 688 4012 tmitfllae
700 3955 944 4026 mtioressstmm²¹
962 3969 1008 4010 ιι·
1061 3962 1128 4019 adeo
1142 3970 1171 4018 ut
1190 3963 1259 4020 inter
1279 3962 1351 4019 mille
1365 3964 1532 4034 negotiorum
1557 3961 1730 4018 necessitates
1741 3958 1860 4015 ulterius.

215 4047 281 4119 cipit
296 4047 387 4120 :quod
397 4048 455 4120 ipse
468 4047 590 4104 alumnus
602 4047 752 4103 dilectionis
772 4045 869 4101 Paulus
883 4053 1007 4101 testatum
1062 4055 1184 4126 progredi
1198 4070 1250 4112 non
1263 4056 1420 4114 sustineant,

215 4139 339 4210 lentuli,
363 4140 408 4211 (lul
434 4140 470 4195 ¹¹³
490 4139 557 4196 ⁶¹¹¹!
569 4157 576 4195 ²
588 4132 664 4194 Nlffi
675 4138 812 4209 ‘illidium
825 4137 944 4204 ‘selemia
959 4139 1009 4192 ¹¹⁸¹
1094 4146 1123 4203 ἰ.
1132 4147 1263 4203 Catonum
1279 4147 1339 4219 quia
1360 4160 1412 4202 nou
1428 4146 1526 4203 suflicit
1541 4145 1718 4211 adsalutem,
1734 4145 1853 4200 si'unam

215 4237 243 4285 Ul
262 4228 365 4284 fatiscat
377 4230 489 4300 diligatis
503 4230 590 4301 (Rom.
606 4230 651 4285 15.
662 4229 702 4300 8).
716 4227 781 4283 lllud
805 4229 876 4284 enfil]
889 4227 1007 4283 debitum
1061 4245 1220 4308 praecepium
1240 4238 1423 4302 plasmemus,
1447 4251 1495 4308 age
1519 4249 1568 4292 gog
1588 4233 1668 4292 hodie
1689 4235 1722 4291 ad
1737 4234 1849 4290 alierum

214 4321 439 4393 “mltfauidem
460 4321 598 4387 fundatur,
612 4336 757 4396 numquam
780 4329 869 4376 ¹1¹¹e¹¹¹
884 4319 1004 4375 ιῡΙιῑῑιιι·
1060 4327 1228 4385 traducturus
1251 4328 1325 4385 :etsi
1347 4327 1418 4385 enim
1443 4343 1497 4385 aon
1520 4341 1613 4383 omnes
1633 4327 1802 4396 profecerunt
1824 4327 1850 4381 ia

214 4409 264 4465 ffif
288 4419 419 4482 l¹0¹f⁰¹¹¹⁰
440 4411 539 4468 debe&
554 4412 695 4483 1¹¹¹¹0h¹¹¹¹¹¹
709 4417 766 4478 0⁸¹.
790 4421 817 4467 ¹¹¹
830 4411 856 4466 ¹¹¹
869 4411 1006 4482 hulleto·
1059 4419 1148 4492 priore
1171 4419 1248 4492 lege,
1273 4403 1391 4475 attamen
1416 4419 1544 4490 temporis
1562 4431 1705 4488 progressu
1718 4417 1763 4488 qui
1777 4424 1856 4472 retro

214 4503 307 4556 situm.
328 4502 357 4557 ln
373 4518 404 4560 re
428 4505 580 4574 pecuniaria
604 4506 667 4573 cos',
693 4505 738 4574 qui
753 4504 934 4586 non'debent,
950 4506 1006 4560 lau·
1059 4521 1214 4568 inaruerunt
1236 4527 1294 4580 eos,
1318 4511 1363 4582 qui
1388 4509 1551 4580 praecedunt,
1576 4518 1762 4580 assequentur.
1796 4507 1847 4563 lle·

214 4593 317 4652 dandos
337 4605 460 4666 putamus
475 4613 482 4650 :
499 4599 525 4653 ic
536 4598 677 4653 dilectione
697 4614 761 4654 vcro
776 4608 916 4668 perpetuos
932 4596 1006 4653 dobi·
1059 4604 1188 4676 prebeuoi
1211 4608 1282 4662 enim
1308 4613 1407 4660 atatam
1431 4618 1492 4660 esse
1506 4601 1585 4673 ltttjus
1606 4603 1644 4658 rei
1669 4606 1851 4668 commutet

216 4694 290 4740 tores
304 4686 448 4756 probamus
470 4697 497 4743 ει
509 4688 672 4744 admirantur
688 4707 695 4742 :
711 4697 738 4744 et
751 4688 821 4758 qttod
830 4689 869 4758 ,ibt
883 4689 1005 4762 maligni·
1058 4695 1129 4750 domi
1142 4703 1169 4750 et
1184 4695 1210 4750 in
1228 4709 1319 4751 measa
1336 4693 1385 4749 viri
1411 4707 1473 4748 curn
1500 4691 1669 4756 mulieribus,
1693 4689 1763 4745 servi
1787 4703 1848 4742 cunt

213 4776 286 4843 tatis,
300 4777 344 4833 bie
364 4777 535 4850 benignitatis
559 4779 664 4851 signum
686 4789 737 4847 cst,
753 4787 783 4833 ut
805 4779 907 4836 scilicet
925 4795 1004 4835 attat·
1057 4785 1180 4858 ingenuis
1204 4794 1340 4841 certamen
1363 4783 1397 4838 de
1419 4782 1498 4852 liuius
1513 4781 1641 4853 precepti
1659 4777 1848 4836 observatione

213 4882 292 4938 quam
317 4869 437 4925 solvatur
459 4870 578 4927 caritatis
611 4871 740 4927 debitunt.
767 4870 806 4925 Na
828 4869 1005 4942 agreferatis
1058 4873 1229 4940 contendant,
1254 4881 1282 4928 ει
1303 4873 1393 4929 beatos
1408 4872 1484 4940 dixi,
1510 4873 1554 4943 qui
1583 4871 1617 4927 ad
1636 4871 1720 4933 ,istum
1740 4869 1848 4926 modum

214 4957 392 5026 prolixitatem
414 4961 543 5016 orationis
565 4960 662 5017 futuras
683 4979 690 5016 :
714 4960 913 5016 citharoedicam
933 4961 1003 5016 caim
1027 4955 1029 4959 ’
1057 4965 1179 5021 convivia
1192 4964 1368 5020 celebrarent.
1388 4963 1456 5032 Quid
1477 4964 1548 5020 enim
1568 4977 1598 5019 ea
1617 4975 1708 5017 measa
1721 4958 1847 5026 sanctius,

214 5045 356 5101 melodiam
365 5063 478 5120 amque
485 5049 666 5106 admirabilem
682 5065 729 5105 vos
739 5051 852 5118 docebo,
866 5065 920 5105 nou
929 5065 1005 5106 mor·
1057 5057 1127 5112 unde
1140 5063 1167 5112 et
1179 5056 1294 5112 ebrietas
1317 5065 1349 5110 oc
1358 5055 1489 5110 voracitas
1514 5055 1655 5122 omnisque
1675 5049 1849 5122 prodigalitas

94 5193 98 5201 ,
214 5136 384 5208 tuanrlpram
404 5139 581 5206 attrectando,
598 5141 645 5197 sed
667 5141 863 5211 Scripturamat
878 5141 1004 5198 historias
1056 5155 1162 5203 extrusa
1187 5155 1238 5211 est,
1266 5153 1293 5200 ει
1312 5145 1371 5201 loeo
1394 5143 1498 5200 illarum
1524 5139 1686 5198 admirabilis
1698 5136 1847 5195 introducta

213 5237 241 5281 et
256 5227 303 5282 bei
324 5241 456 5303 precepta
471 5247 520 5301 pro
535 5234 624 5287 nervis
644 5232 816 5288 intendendo.
828 5233 864 5287 Et
876 5233 1005 5304 quemad*
1056 5235 1199 5307 praestandi
1221 5235 1302 5290 divini
1325 5234 1450 5305 precepti
1464 5231 1646 5288 concertatio?
1664 5229 1732 5286 bum
1746 5230 1787 5284 vir
1800 5229 1848 5284 ob·

210 5319 320 5391 niodum
342 5320 483 5377 citharoedi
502 5324 615 5393 arreptis
627 5323 815 5393 discipulorum
826 5321 923 5393 digitis,
938 5340 1004 5394 pan·
1056 5333 1146 5382 servat
1168 5339 1292 5391 uxorem,
1306 5339 1375 5380 uxor
1393 5326 1489 5390 virum,
1508 5337 1542 5378 nc
1552 5321 1578 5376 in
1589 5319 1734 5392 praecipitia
1756 5318 1853 5409 perja-x

120 5449 131 5467 ,
212 5405 287 5462 latim
310 5423 357 5464 eos
379 5410 488 5467 chordis
513 5411 685 5468 admoventes
711 5403 894 5468 adsuefaciunt·
919 5414 1004 5483 perite
1058 5417 1090 5472 rii
1114 5426 1184 5485 ruat,
1210 5426 1236 5473 et
1249 5417 1347 5472 mulcta
1362 5414 1519 5486 purissima
1537 5412 1679 5468 constituta
1692 5416 1734 5467 est
1747 5425 1848 5480 preva-

210 5509 389 5570 coutroetare,
411 5513 439 5560 et
460 5520 492 5560 ex
518 5505 599 5559 mutis
613 5506 683 5560 tonis
701 5520 733 5560 ac
746 5507 835 5562 nervis
850 5506 922 5561 omni
934 5521 1002 5563 sono
1056 5508 1177 5574 ricatori,
1203 5521 1256 5563 aon
1269 5506 1363 5578 pudori
1376 5515 1417 5560 est
1429 5503 1566 5559 dominum
1577 5518 1592 5558 a
1605 5501 1690 5558 servis
1704 5501 1846 5572 redargui,

210 5594 363 5666 auctiorem
387 5592 570 5649 etdufciorem
584 5609 677 5650 socero
695 5597 817 5652 emittere
834 5593 930 5652 docent
942 5613 949 5650 z
962 5597 999 5651 ita
1057 5606 1103 5654 aut
1129 5611 1221 5656 servos
1248 5613 1262 5652 a
1283 5595 1400 5652 dominis
1427 5593 1569 5668 castigaril
1592 5591 1674 5653 flecte
1694 5589 1845 5668 igiturquia

243 5703 280 5767 (a)
288 5704 378 5756 collau
388 5708 537 5758 amtodiec
548 5706 624 5773 tegio
633 5709 691 5762 teet
704 5717 794 5762 etcum
804 5709 948 5761 teislioiauo
956 5709 1014 5784 hil,

1754 5807 1774 5842 ο
