4142 6342
265 385 319 442 cio
416 361 418 365 ’
954 380 1056 436 iuoex
1072 381 1200 440 ιιιιιιιιι.
1837 395 1890 454 tto

260 503 351 565 tamam
361 487 480 552 rir'lneni
490 498 665 572 drtloebenam
682 497 778 572 buon,
787 511 843 562 que
853 511 909 549 cum
918 511 973 550 sea
986 513 1047 563 pre·
1097 501 1232 554 colladonis
1243 513 1295 563 eoo,
1306 502 1349 567 ipxl
1364 515 1393 552 se
1404 499 1510 555 oderunt
1525 505 1756 570 persequutoribus,
1768 516 1830 558 nrt
1859 523 1889 562 ea
1974 525 1978 532 ·

260 563 365 614 doniluis
412 563 436 612 ei
451 561 493 612 rel
511 559 609 622 pudoris
624 561 790 612 cirmmstderl
811 559 922 620 uideret,
943 563 1047 614 altsente
1098 563 1223 614 habendos
1233 571 1318 627 neget,
1330 573 1404 628 atque
1414 566 1469 628 lpse
1481 566 1556 617 etlam
1569 567 1749 632 chrysostomus
1759 571 1826 622 itomi
1839 606 1845 620 .
1858 571 1889 624 8¹?

261 632 341 675 matre
358 631 384 674 et
402 623 539 682 moribus,
555 621 687 685 nuptialem
702 622 780 673 lnoidt
797 630 891 674 restem
907 629 934 674 et
944 630 1048 674 mortem
1098 627 1125 676 in
1136 633 1220 675 toann.
1235 626 1330 676 noiinlsi
1341 633 1439 678 audere
1454 625 1551 678 diabolo
1563 628 1681 680 uiolentas
1691 629 1737 680 sibi
1748 643 1834 683 manos
1844 633 1890 685 ho·

260 693 348 758 spoine
359 685 446 758 sithiu,
461 697 510 758 nou
526 683 592 735 ferro
607 697 636 734 se
652 686 788 747 perimens,
800 692 828 734 ut
838 691 906 748 putat
915 686 995 735 sixtus
1004 694 1048 758 εις
1099 685 1278 760 miceslafferre
1292 687 1372 750 dicat3
1388 694 1482 762 certum
1499 694 1538 739 est
1555 696 1636 764 rameii
1653 703 1684 741 ex
1702 692 1790 745 eodeni
1806 695 1891 758 Augu-

259 745 1049 883 titii.lii.lll3¹lniiiistiiiiitiifiiiis
1099 747 1892 874 ill⁰‚¹¹li¹i.tiiiil÷i.⁰iiiiiiiisitlitliiii

259 879 354 921 stomin
369 869 395 918 in
405 872 532 932 posteriori
551 869 705 932 laudatione,
721 883 795 934 quam
812 869 897 920 retulit
914 884 939 920 xii
958 877 1049 920 tornum
1100 880 1224 934 rapturum
1235 879 1308 936 atque
1319 873 1594 924 necaturumsebumen
1606 877 1746 938 projecisse,
1756 890 1893 942 earumque

259 944 331 982 suum
343 932 443 981 tertium
453 931 641 982 soiiuslltunii.
658 931 731 982 Addit
745 931 901 990 Ambrosius.
914 938 940 983 et
951 945 1051 982 sorores
1100 933 1213 998 martyria
1237 933 1263 982 ixi
1282 933 1400 983 catholica
1420 933 1525 984 ecclesia
1547 939 1705 987 veneratione
1727 936 1892 991 celeberrima

259 994 314 1054 eius
325 993 568 1044 consertismanibus
578 993 939 1056 tamquamcborosducerent‚
955 995 980 1043 in
996 1006 1049 1043 me·
1101 993 1266 1058 frequentarl;
1283 1002 1399 1045 ceterum
1420 997 1606 1046 existimandum
1625 1011 1683 1048 esse
1708 1011 1751 1059 eas
1774 1001 1891 1064 peculiari

257 1054 324 1105 diurn
342 1053 448 1104 fluminis
463 1054 560 1105 alveum
577 1067 634 1104 esse
652 1068 809 1128 progressas.
821 1056 862 1119 qul
879 1063 1052 1119 easmartyres
1101 1057 1145 1107 itei
1163 1055 1315 1107 revelatione
1336 1055 1469 1108 admonitas
1488 1057 1512 1108 id
1531 1058 1628 1109 fecisse.
1648 1069 1707 1110 crim
1726 1067 1806 1112 nutem
1826 1071 1891 1114 licus

259 1114 434 1169 reddidissent
445 1116 707 1179 lgitntmirumrideri
722 1117 814 1177 debet,
827 1117 892 1181 quod
903 1117 984 1167 hicde
995 1123 1052 1166 iter·
1095 1118 1180 1180 jubet,
1199 1130 1270 1189 seqare
1280 1116 1367 1176 iniere
1383 1117 1434 1170 tirio
1452 1117 1508 1171 ullis
1521 1119 1780 1184 colociensium,
1798 1125 1888 1186 innoti,

257 1179 314 1251 nice
327 1185 354 1228 et
365 1177 482 1228 erosdoce
493 1185 575 1228 narrat
589 1169 783 1244 chrysostomis,
799 1191 854 1242 qoae
870 1186 948 1229 morte
964 1177 1050 1228 volun·
1102 1178 1156 1243 quis
1166 1177 1325 1230 obedientium
1335 1179 1361 1230 t'u
1372 1181 1464 1232 crimen
1475 1179 1560 1232 uocet?
1571 1181 1625 1258 qiiis
1640 1183 1776 1246 obsequium
1793 1182 1890 1246 pteram

257 1247 319 1288 tarta
332 1238 449 1290 nefariam
465 1241 642 1302 turpitudinem
657 1240 821 1302 depulerunt,
833 1247 861 1289 ut
872 1238 904 1290 de
915 1240 1051 1304 uirginibus
1102 1240 1217 1292 accuset?
1235 1241 1389 1306 lnioabsque
1410 1241 1526 1304 peculiari
1545 1245 1645 1308 spiritus
1661 1245 1739 1294 sancti
1756 1249 1891 1297 (coenomia

258 1301 406 1364 ortibuslani
420 1302 455 1353 alt
467 1302 551 1352 cicero
563 1302 588 1350 ln
599 1309 663 1352 orat.
674 1303 707 1352 de
723 1303 851 1352 umiinciis
866 1300 1050 1362 consularibus,
1103 1301 1179 1354 licere
1191 1304 1297 1366 seipsum
1307 1305 1331 1352 ln
1343 1306 1427 1354 mortis
1437 1304 1567 1354 discrimen
1576 1308 1723 1370 praecipitem
1734 1319 1811 1372 agere
1822 1307 1890 1382 pitili-

258 1371 286 1413 et
296 1371 319 1413 S.
337 1365 497 1426 ttieronymus
512 1363 554 1414 lib.
567 1365 580 1413 i
593 1366 618 1413 in
629 1365 750 1413 dorinian.
766 1363 799 1412 de
814 1364 846 1413 50
861 1365 979 1424 lacernis,
996 1375 1055 1427 quas
1102 1366 1165 1416 citis
1177 1364 1274 1416 tuendae
1288 1378 1359 1416 causa
1370 1365 1505 1417 docuerunt
1515 1365 1572 1416 olini
1583 1367 1753 1430 patres-multi.
1765 1377 1793 1419 ut
1804 1375 1888 1420 tuero·

259 1437 304 1486 pro
314 1425 429 1488 pudicitia
437 1425 612 1476 ooeubuenint.
625 1426 690 1475 ticet
704 1426 770 1474 enim
781 1431 866 1475 retius
875 1424 1053 1475 Alexandrinos
1104 1439 1190 1500 riyiiius
1201 1427 1505 1484 initnnae‚ctitmhrosius
1514 1427 1641 1491 Epistoli,
1653 1437 1680 1480 et
1690 1429 1762 1480 citato
1772 1429 1891 1494 delii-ni·

258 1497 316 1536 curri
326 1487 357 1536 ils
367 1499 415 1536 non
426 1487 649 1537 communicandum
662 1499 718 1536 esse
727 1487 804 1544 dicat.
818 1488 860 1550 qui
872 1485 928 1536 talia
939 1493 1051 1536 tentare·
1103 1491 1174 1538 nibus
1184 1487 1246 1538 libro
1257 1489 1282 1538 5.
1294 1497 1359 1539 itunc
1373 1498 1456 1541 tamen
1471 1488 1523 1540 liceo
1538 1490 1696 1542 admiratione
1712 1493 1806 1556 potitis.
1817 1503 1890 1558 quam

259 1547 318 1610 rint,
330 1554 357 1600 et
367 1550 503 1599 tlensurius
515 1550 645 1612 episcopiis
654 1548 717 1611 apud
724 1548 886 1612 sngnsomm
894 1549 919 1597 ln
927 1548 1052 1599 Brericulo
1103 1550 1237 1600 imitatione
1248 1555 1304 1600 sunt
1312 1551 1394 1614 digna.

258 1679 1881 1742 m

729 1821 1038 1966 INDEX
1082 1822 1432 1969 RERUM

618 2041 710 2118 QUAE
727 2041 768 2104 trt
784 2041 864 2104 HOC
882 2043 996 2105 tortio
1022 2029 1203 2106 SECUNDO
1227 2044 1517 2114 CONTINENTUR.

900 2207 1242 2252 -owm-

288 2369 413 2412 rxmrio
422 2354 542 2420 lnximntl
553 2360 579 2406 ot
588 2364 662 2404 unam
672 2350 784 2406 flomsslas
796 2352 830 2402 od
838 2351 952 2416 populum
962 2351 1052 2404 notio·
1101 2350 1164 2402 lltos.
1175 2355 1252 2403 iiuntil
1272 2353 1397 2428 seditionis
1417 2357 1575 2409 Antiochense
1597 2362 1621 2410 in
1643 2361 1682 2412 xla
1701 2375 1780 2414 nuris
1789 2363 1890 2414 traliert

259 2425 374 2476 ebenum.
1007 2415 1052 2466 56
1149 2422 1229 2464 untur.
1242 2415 1367 2466 theodosii
1380 2417 1404 2466 ln
1415 2419 1714 2474 immarcescentem
1726 2426 1891 2476 maceratione

288 2493 311 2534 S.
322 2486 413 2534 ΡΑΤΒΒ
426 2483 518 2530 lioe‘fill
532 2481 638 2528 matidis
652 2480 840 2536 ffliitsosmtii,
859 2482 1049 2527 AitOEiEl’lsoei‘l

256 2543 693 2600 ειιιιετιιιιιιοιοιιιιιιι,ιιοιιιιιι,ι
704 2538 962 2600 ιιιιιιιιιιιιιιιι,ιι
974 2552 1052 2600 popu·

257 2607 309 2661 luni
320 2604 495 2656 Antiochorum
505 2601 603 2651 habita.
975 2601 1048 2652 lli-iti

287 2669 376 2720 liorem
387 2672 406 2726 ι,
416 2664 545 2716 mtiochiie
556 2661 637 2712 habita
654 2660 680 2710 ln
724 2658 770 2710 lea
780 2673 826 2711 sen
836 2662 916 2712 reteri
933 2660 1047 2724 ecclesia,

257 2745 313 2782 eum
323 2730 400 2780 adliuc
416 2727 542 2790 presbyter
553 2729 628 2784 esset,
640 2724 667 2772 ln
678 2673 737 2772 itffio
748 2721 871 2777 Apostoli:
887 2723 945 2795 tsine
955 2721 1049 2794 umifico

256 2799 325 2845 utere
353 2795 433 2853 ropter
443 2786 590 2838 stomocliton
607 2791 674 2834 tuton
695 2790 718 2835 et
740 2785 874 2848 [requenter
895 2783 1048 2848 miimmotcs

257 2863 311 2928 tuos
319 2805 354 2916 (f.
365 2853 425 2927 iim.
437 2851 461 2900 5.
474 2849 558 2922 ἰῆς
564 2848 689 2920 scripturae
700 2857 774 2896 sacrae
782 2845 938 2921 relminimae
946 2855 1049 2922 senten-

257 2908 1050 3044 iiiiii?&instititutisii'luiiiiii

257 3053 318 3090 usus
337 3035 491 3102 permittitur.
515 3040 557 3082 bei
586 3038 691 3094 potentia
715 3042 792 3093 magis
818 3031 996 3081 demonstratur
1021 3047 1050 3082 in

259 3101 373 3150 murinis
383 3101 527 3148 sanctorum.
539 3095 580 3143 cul
593 3101 657 3143 neus
665 3097 763 3142 sanmos
775 3091 835 3155 pelli
846 3094 980 3143 excruciari
992 3107 1048 3156 per-

258 3163 360 3212 miserit.
371 3150 417 3208 dur
427 3164 491 3207 tiens
505 3156 558 3206 tobi
674 3155 699 3202 in
713 3161 860 3217 potentem
873 3154 961 3204 diaboii
976 3156 1048 3204 tradi-

210 3231 215 3240 ·
256 3223 331 3275 derit.
348 3229 393 3270 ties
403 3226 492 3270 nostre
506 3223 563 3268 exiit
576 3217 648 3278 butus
662 3216 718 3265 ritae
728 3213 845 3265 limitibus
854 3216 988 3267 cirmoscn
1005 3225 1046 3267 tae.

257 3286 367 3348 uraeeipit
376 3289 403 3332 ut
414 3280 548 3353 blasphemi
558 3278 749 3351 corripianturet
757 3277 880 3351 vapulent.
920 3340 926 3350 Ι
977 3231 1048 3328 ignit

288 3353 372 3397 iiomt.
384 3351 410 3404 ii,
421 3343 502 3393 habita
514 3343 539 3390 in
548 3339 653 3390 ecclesia
664 3339 727 3388 dicta
744 3343 833 3397 veteri,
846 3352 901 3388 cum
919 3352 972 3401 ipse
989 3353 1047 3401 pre·

1102 2489 1140 2527 eoe
1151 2477 1238 2526 estium
1250 2477 1398 2527 desiderium
1410 2481 1523 2532 nascitur.
1541 2489 1666 2536 Peccatum
1682 2487 1760 2549 ipsum
1776 2499 1815 2536 mi
1833 2499 1890 2538 nunt

1100 2537 1251 2601 supplicium.
1261 2538 1385 2614 Adversus
1393 2541 1529 2604 iuramenta
1541 2557 1584 2606 pro
1593 2559 1660 2596 more
1671 2543 1785 2612 loquitur.
1815 2501 1888 2598 glot

1130 2606 1216 2651 uouit.
1227 2607 1270 2659 vit,
1280 2601 1344 2663 quod
1356 2604 1458 2652 tristitie
1469 2603 1571 2656 effectus
1584 2615 1674 2657 tantuin
1690 2609 1719 2658 ad
1735 2612 1829 2672 peccati
1844 2611 1888 2660 de·

1100 2663 1256 2712 structionem
1266 2663 1298 2714 sii
1309 2661 1383 2722 utilis
1396 2671 1422 2713 et
1430 2666 1578 2728 superillud,
1591 2677 1618 2718 in
1629 2662 1815 2744 prdtdpiosecit
1826 2678 1889 2722 Deus

1100 2723 1185 2774 eoeliun
1200 2732 1223 2773 ct
1243 2730 1341 2782 teriam.
1360 2732 1386 2775 et
1407 2729 1469 2790 quod
1481 2730 1583 2780 maxilua
1603 2729 1773 2784 consolationis
1790 2735 1890 2784 materia

1101 2786 1230 2836 creationis
1240 2793 1384 2849 apparatos:
1398 2796 1425 2837 et
1440 2802 1513 2851 super
1529 2789 1597 2852 illud,
1610 2793 1686 2844 odom
1697 2793 1739 2844 ubi
1756 2793 1802 2845 es?
1813 2805 1839 2844 et
1855 2794 1890 2844 do

1099 2860 1148 2896 noxi
1156 2847 1267 2909 iurando.
1277 2873 1308 2884 —
1319 2855 1382 2898 betis
1391 2862 1437 2898 non
1449 2856 1540 2900 mutum
1551 2866 1606 2903 cuin
1618 2855 1750 2916 benefacit,
1759 2856 1804 2906 sed
1814 2857 1890 2906 etiam

1100 2921 1154 2958 euin
1166 2910 1275 2982 castigat,
1295 2910 1439 2982 bonusest.
1450 2913 1492 2962 itel
1508 2926 1566 2986 erga
1579 2916 1680 2977 primum
1696 2916 1817 2967 bominem
1835 2915 1888 2966 cle-

1099 2980 1198 3021 mentia.
1210 2977 1256 3020 con
1289 2977 1328 3020 eta
1339 2972 1368 3021 ad
1377 2977 1615 3032 Juimnentavitanda
1628 2978 1771 3029 exhortatio.
1814 2978 1889 3030 lli-98

1099 3093 1272 3144 Deontbulolmt
1285 3103 1347 3145 neos
1358 3093 1383 3144 iit
1398 3095 1535 3147 meridiem
1551 3099 1666 3151 eorndim
1683 3100 1752 3164 (Gen.
1763 3101 1787 3152 ὅ.
1803 3101 1838 3160 8).
1861 3109 1889 3154 et

1099 3155 1132 3206 de
1144 3155 1266 3219 fugiendis
1274 3157 1425 3218 juramentis.
1436 3184 1467 3196 -
1478 3161 1556 3210 doctis
1573 3160 1672 3212 utilitas.
1686 3163 1783 3214 Elisieus
1793 3161 1888 3224 duplex

1099 3217 1159 3267 Elias
1175 3218 1307 3268 seeundum
1323 3219 1388 3268 inter
1418 3221 1550 3272 elationem
1573 3223 1739 3286 chrysostomi.
1761 3231 1886 3288 hartpium

1099 3277 1179 3391 ιιὶιιιιὲ
1188 3282 1310 3330 miriones
1324 3291 1388 3343 expe
1399 3278 1436 3330 lit.
1447 3281 1541 3333 iioralls
1556 3285 1692 3336 exhortatio
1704 3287 1733 3336 ad
1748 3289 1887 3396 iurassnenot}

1099 3348 1163 3391 itan
1181 3355 1203 3391 a.
1814 3348 1851 3396 'l-l

1131 3040 1214 3084 lionis.
1226 3038 1261 3081 iti
1272 3069 1279 3093 ‚
1291 3033 1319 3082 ad
1332 3036 1444 3084 virtutem
1462 3036 1607 3098 Exhortatm,
1620 3046 1646 3088 et
1658 3040 1683 3088 iii
1701 3038 1759 3090 illud
1777 3039 1887 3102 Genesis,
1985 3072 1988 3079 .

314 3421 342 3458 er
354 3412 432 3465 esset,
442 3404 475 3454 dc
486 3403 631 3460 calamitate,
643 3414 698 3464 quae
712 3401 766 3450 urbi
780 3401 868 3450 ademit
882 3414 927 3464 pro
944 3400 1048 3452 tumultu

256 3533 282 3581 n
293 3462 948 3591 iiutis‘oimltiiiiisiiiiiisi
959 3465 1047 3576 istil

256 3591 358 3644 attinio
368 3603 453 3653 copore
463 3588 568 3651 (isim.
575 3587 600 3636 6.
612 3585 662 3649 iit
669 3613 701 3623 -
712 3586 916 3636 Antiochenonun
926 3537 1047 3637 ωριξιιιίιιιι

256 3661 312 3718 post
321 3654 434 3716 dejectas
440 3657 540 3701 matoes.
550 3649 696 3699 christianus
705 3660 751 3711 spe
762 3649 895 3698 futurorum
910 3649 989 3698 omnin
1001 3663 1047 3712 ge-

255 3728 345 3768 nerose
356 3713 513 3765 ferredebet.
524 3718 608 3761 contin
617 3709 779 3774 blasphemos.
792 3773 797 3782 Ι
885 3725 889 3735 ·
939 3723 969 3759 us
979 3709 1047 3773 plau·

255 3775 484 3842 insecucutione
498 3774 588 3824 divitie
602 3785 666 3836 qiiac.
685 3769 856 3834 hospitalitatis
869 3771 923 3822 ltus
936 3779 963 3822 et
984 3785 1046 3835 pre-

255 3841 338 3890 mium.
352 3839 514 3901 eleemosynae
524 3834 624 3884 fucitis.
637 3834 729 3884 piritio
739 3846 812 3895 quam
821 3834 902 3884 burst.
911 3841 1042 3897 eaupertas

253 3899 524 4013 filiiflii&
535 3910 621 3960 'W'
632 3896 762 3960 '‘m’‘
775 3902 852 3947 “m
863 3895 1045 4009 ¹⁰⁸³⁸¹¹⁵³i¹iio

271 3978 288 4013 u
526 3997 532 4010 .

284 4031 368 4076 uouit.
379 4031 415 4082 itt,
431 4024 456 4072 in
468 4021 642 4085 profectionem
658 4019 766 4083 episcopi
776 4018 878 4071 tlatiani
891 4033 936 4082 pro
946 4021 1043 4071 ciuitate

253 4088 283 4138 ad
294 4094 463 4149 imperatorem
479 4084 626 4145 legationem
641 4082 769 4142 obeuntls;
780 4087 808 4131 et
822 4081 941 4144 quodnam
957 4095 1044 4133 verum

253 4150 285 4198 sit
292 4148 411 4211 ieiunium
422 4152 467 4220 ιρι
481 4145 545 4231 quod
564 4143 788 4255 datinberghauam
808 4142 1043 4254 humffimmu?

253 4209 517 4331 tutissimi
527 4212 710 4331 cinisii..
727 4213 1042 4330 eliminasti&

253 4343 319 4382 esse.
330 4357 360 4367 -
369 4330 495 4380 xlaimnus
507 4336 676 4391 imperatorem
692 4327 829 4392 placaturus
846 4329 1042 4392 constantinopo-

251 4391 287 4443 lin
330 4395 411 4442 tierat.
424 4398 487 4441 oeus
498 4391 657 4441 vehementer
668 4392 734 4453 cupit
744 4397 772 4439 ut
788 4390 899 4438 homines
915 4391 946 4440 ad
962 4393 1041 4452 ipsum

272 4531 286 4567 e
311 4531 339 4566 ac
485 4550 491 4563 .
935 4547 944 4563 .

199 4613 205 4633 t
251 4587 331 4628 iiiotus
339 4575 483 4640 frequentes
493 4575 634 4625 lintiocliiae.
647 4573 740 4623 ttomlis
751 4574 896 4624 exhortatio.
963 4575 1040 4627 l'l-dil

214 4690 217 4694 ,
281 4647 364 4690 Home.
377 4645 411 4698 iti,
424 4639 561 4688 Exhortatio
569 4637 601 4686 ad
610 4634 722 4698 populum
732 4635 766 4685 de
775 4636 889 4697 patientia
900 4641 927 4685 et
933 4635 1040 4688 toleran-

248 4703 334 4758 iin'ab
346 4699 467 4775 exemplis
477 4699 522 4750 tob
537 4699 646 4749 citrium
659 4709 802 4760 puerorum
814 4696 882 4747 etde
893 4699 1039 4774 abstinentia

210 4787 212 4792 ’
245 4759 1041 4888 obmitteniiutiimilsintiicilitiis

245 4887 394 4938 exhortatio.
469 4923 475 4932 .
965 4885 1039 4936 nuos

276 4955 361 4999 uouit.
374 4955 399 5009 ι,
412 4944 497 4997 itidem
507 4944 646 4994 exhortatio
657 4943 686 4993 ad
698 4943 812 5006 populum
822 4943 855 4994 de
865 4958 988 5010 generose
1001 4947 1038 4998 fe·

242 5011 329 5061 tendis
340 5008 520 5060 imminentibus
531 5007 612 5066 minis⁷
622 5018 677 5054 cuin
692 5005 780 5056 babeat
791 5007 849 5057 satis
859 5007 934 5057 inulta
949 5007 1043 5059 exem:

245 5070 284 5132 ila
296 5086 330 5123 ex
341 5072 372 5123 iis
380 5081 437 5136 quae
448 5080 559 5119 euenere
570 5075 597 5116 et
606 5071 649 5118 tob
661 5074 687 5117 et
697 5069 820 5118 niiiiritis:
833 5069 898 5142 quod
908 5082 955 5118 non
966 5083 1037 5133 opor-

243 5142 295 5185 teat
305 5137 396 5185 timere
407 5135 521 5187 ntortem,
532 5128 578 5180 sed
593 5136 720 5191 peccatum
733 5142 739 5179 :
752 5130 810 5193 quid
826 5138 859 5180 sit
874 5130 937 5180 male
956 5133 1034 5193 mori;

244 5196 313 5247 ietde
322 5193 468 5261 juramentis
477 5194 541 5243 omni
559 5191 640 5242 sudio
655 5191 789 5254 mgiendis5
808 5199 835 5242 et
850 5193 875 5240 iri
894 5200 968 5242 terrae
984 5206 1036 5243 mo-

242 5265 302 5307 tuni.
314 5285 347 5296 -
356 5256 485 5307 AErnninas
494 5255 536 5316 qni
547 5253 669 5318 patienter
685 5255 767 5303 i'eiunt
782 5251 899 5303 clariores
918 5255 1032 5304 eradunt.

243 5321 381 5370 auditorum
392 5314 522 5381 applausus
531 5315 612 5378 rejicit
621 5316 807 5378 chrysostomus.
821 5323 880 5364 uois
891 5327 939 5364 tion
949 5315 1035 5373 timcn-

242 5382 274 5429 ila
289 5382 314 5431 in
331 5381 406 5430 ritam
421 5383 525 5428 trituram
542 5379 704 5439 sperantibus.
725 5384 786 5426 ttors
800 5377 888 5438 injusta
909 5377 988 5427 minus
1003 5379 1034 5427 ti-

241 5443 329 5491 incnda
339 5454 412 5506 quam
420 5441 494 5504 justa.
514 5445 576 5488 uois
591 5451 636 5488 eur
651 5439 819 5502 despicienda.
840 5441 1033 5550 ιιιιιιιιοιιιέἶὲιὲ

242 5504 356 5617 ohram
369 5564 475 5629 vi,quod
485 5562 552 5614 utilis
562 5562 879 5636 estmagistxatunmtimor,
891 5568 918 5611 et
928 5565 1033 5636 narratio

242 5639 326 5675 eorum
338 5640 447 5690 quietior
458 5628 521 5676 tiam
532 5624 674 5675 acciderunt
685 5626 715 5673 its
728 5626 893 5687 quioiuntiom
906 5623 1032 5675 seditionis

240 5691 381 5750 tiiiperatoii
391 5688 545 5757 afferebant·
563 5695 590 5736 et
599 5685 664 5758 quod
674 5687 717 5750 itui
726 5686 824 5758 indigna
835 5687 924 5748 patitur
935 5692 962 5734 et
975 5699 1032 5749 gra-

239 5752 287 5800 tias
296 5752 348 5812 agit
359 5755 509 5811 permittenti
522 5755 579 5806 neo,
592 5761 635 5809 por
645 5754 678 5797 sit
688 5749 711 5798 ei
724 5761 764 5812 qui
778 5747 836 5796 talia
848 5756 947 5809 propter
956 5756 1031 5799 ocum

253 5813 337 5859 atittir.
350 5811 463 5871 tixeinpla
474 5821 591 5857 ruisnma
603 5810 681 5857 tribus
691 5811 772 5871 pueris
783 5817 811 5858 et
820 5811 919 5859 fornace
935 5810 1031 5872 Baitylo-

260 5883 289 5917 ca
304 5886 310 5917 ι
325 5879 352 5918 et
361 5871 393 5920 de
406 5871 551 5919 alutineniia
567 5881 580 5916 a
598 5869 748 5931 juramentis.
759 5898 789 5906 -
801 5871 969 5921 AErumnarum
983 5874 1029 5922 uti·

1129 3409 1263 3463 nonrmlli,
1280 3401 1391 3453 laudatio
1410 3415 1494 3454 eorum
1515 3407 1557 3468 qui
1573 3406 1669 3470 iitrandi
1686 3409 1888 3458 consuetudinem

1098 3463 1277 3538 deposuerant:
1291 3472 1316 3515 et
1326 3465 1473 3538 qoodunenio·
1483 3469 1654 3529 superstitione
1666 3471 1744 3520 teneri
1755 3469 1840 3527 debet,
1855 3481 1889 3520 ne

1098 3535 1154 3589 post
1175 3533 1334 3576 retectionem
1351 3526 1445 3577 divinos
1466 3541 1490 3580 ut
1510 3529 1616 3580 ecclesia
1634 3543 1761 3580 sermones
1781 3529 1882 3580 audiat:

1098 3601 1174 3650 quare
1214 3594 1237 3637 st
1251 3586 1353 3638 multum
1364 3595 1459 3651 tempus
1470 3586 1557 3640 dirinae
1567 3600 1624 3643 sunt
1635 3591 1728 3642 tradite
1738 3593 1868 3654 scripture
1879 3605 1887 3618 ·

1099 3657 1126 3700 et
1136 3652 1160 3699 in
1168 3649 1185 3698 il
1193 3650 1236 3725 od,
1248 3649 1308 3722 coeli
1324 3649 1545 3762 enoriuntpglortnrn
1555 3653 1600 3704 mi
1622 3651 1680 3703 esni.
1692 3654 1727 3702 iil.
1741 3653 1768 3717 2)
1781 3667 1788 3702 :
1801 3627 1886 3704 iuundf

1097 3711 1365 3786 naturalisdescriptio:
1377 3718 1403 3761 et
1413 3713 1437 3760 in
1465 3725 1505 3773 ne,
1513 3713 1546 3763 de
1557 3727 1604 3766 non
1612 3713 1887 3788 putandos-huditores

1097 3773 1887 3902 ilitidliiiittiililiiiiii‘iiiiiiliiiiit

1096 3909 1151 3947 rum
1163 3897 1306 3948 naturalium
1317 3897 1410 3947 oidine.
1782 3899 1885 3950 idolis

1127 3966 1211 4012 tinuit.
1223 3966 1251 4020 li,
1267 3966 1326 4008 iaus
1337 3971 1421 4010 eorum
1431 3961 1472 4034 qui
1484 3963 1538 4022 posi
1548 3961 1628 4010 eibum
1640 3961 1669 4011 ad
1680 3959 1827 4012 audiendum
1839 3973 1883 4011 re·
1968 3965 1974 3986 '

1096 4029 1193 4080 nerant,
1206 4028 1233 4072 et
1243 4019 1358 4071 naturalis
1368 4022 1450 4071 mundi
1462 4024 1590 4084 circinatio,
1606 4023 1664 4073 iterii
1681 4030 1763 4072 contri
1778 4022 1885 4074 Gentiles

1095 4091 1230 4133 creaturam
1245 4091 1272 4132 ut
1282 4089 1357 4131 iteum
1368 4079 1487 4141 colentes,
1500 4091 1526 4132 et
1538 4085 1570 4134 de
1586 4083 1683 4134 vitando
1698 4083 1885 4146 iuramento.-

1095 4149 1192 4195 iraestat
1202 4145 1305 4197 terbum
1316 4145 1360 4194 bei
1368 4143 1450 4194 audire
1461 4157 1534 4218 quam
1544 4145 1667 4208 ieiunare.
1677 4145 1884 4197 tiundussineiiel

1094 4208 1243 4269 procidentia
1253 4213 1318 4256 stare
1331 4206 1424 4315 neguit.
1438 4213 1480 4255 nei
1489 4205 1563 4256 solius
1574 4208 1695 4270 proprium
1705 4219 1752 4256 non
1760 4207 1884 4318 inditione.

1097 4269 1190 4318 moralis
1202 4268 1360 4318 exhortatioa
1384 4273 1521 4328 Jiirainenta
1534 4267 1639 4318 tlmnda.
1778 4268 1807 4318 ll
1824 4267 1884 4320 -1Ξο

1125 4337 1208 4381 lionis.
1226 4331 1407 4387 liberaliorem
1421 4331 1484 4380 actio
1500 4329 1530 4379 ad
1546 4337 1621 4380 heuiu
1636 4327 1847 4380 obliterationem
1864 4344 1880 4381 a

1094 4392 1207 4442 malisei
1224 4391 1345 4441 seditione
1358 4393 1513 4452 exspectatis,
1531 4398 1557 4441 et
1572 4403 1658 4441 eorum
1680 4403 1736 4454 quie
1752 4397 1810 4441 tunc
1820 4393 1882 4441 acci·

1092 4453 1182 4503 derunt
1200 4453 1410 4504 commemoratio:
1427 4453 1528 4514 insuper
1548 4465 1609 4503 vcro
1624 4460 1659 4502 et·
1673 4458 1757 4502 eontra
1776 4465 1818 4503 eos
1838 4454 1881 4516 qui

1093 4529 1180 4577 corpus
1191 4521 1298 4564 nostrum
1309 4512 1491 4574 caluiiinfantur,
1507 4520 1533 4564 et
1543 4515 1568 4563 in
1581 4516 1721 4564 universum
1732 4513 1765 4563 de
1779 4514 1882 4565 hominis

1093 4579 1227 4636 creatione,
1241 4589 1266 4626 et
1276 4577 1322 4624 sub
1333 4573 1405 4624 linein
1420 4575 1452 4624 de
1469 4576 1565 4626 vitando
1573 4577 1720 4638 iuramento.
1732 4583 1817 4626 contra
1835 4581 1882 4624 tto·

1092 4638 1199 4688 niclucos
1210 4638 1323 4702 loquitur.
1342 4636 1451 4686 Definitio
1461 4636 1562 4688 bominis
1573 4638 1707 4687 seeundum
1717 4636 1882 4700 philosophos.

1093 4703 1135 4750 nei
1148 4702 1301 4763 sapientiam
1317 4697 1440 4748 oratiorum
1452 4699 1635 4750 constitutione.
1654 4706 1728 4749 iiomo
1739 4699 1885 4749 animalibus

1091 4765 1317 4826 oniniliuspraeslat,
1329 4761 1456 4824 quomodo.
1778 4760 1882 4810 tis-tis

1122 4833 1207 4875 tinuit.
1221 4831 1265 4882 xii,
1275 4823 1489 4885 adhucgratiaiuni
1499 4823 1563 4872 actio
1571 4833 1616 4884 pro
1627 4835 1685 4872 acce
1702 4829 1726 4872 ta
1737 4823 1808 4871 xenia
1816 4835 1884 4871 coui-

1090 4888 1217 4936 missorum
1229 4893 1312 4936 ooutia
1324 4892 1355 4933 im
1374 4892 1509 4933 oratorem:
1521 4891 1548 4934 et
1556 4883 1671 4934 naturalis
1694 4884 1808 4934 eniuudo
1824 4895 1882 4932 sei·-

1090 4949 1235 4998 mocinatio:
1250 4954 1284 5003 et,
1297 4959 1329 5008 qu
1376 4945 1497 4995 hominem
1514 4959 1601 4996 creans
1610 4954 1675 4995 neus
1689 4945 1772 5008 legem
1782 4945 1826 5017 ipsi
1839 4957 1884 4993 na-

1090 5009 1192 5059 turalem
1204 5009 1335 5059 indiderit:
1349 5013 1375 5056 et
1385 5007 1561 5070 dejuramento
1571 5005 1684 5056 omnidili
1704 5004 1882 5056 entiaritando.

1089 5069 1141 5118 -Α
1152 5072 1255 5120 iiiiiiiniis
1264 5067 1408 5118 animalibus
1419 5069 1529 5119 eruditur
1539 5069 1619 5119 hoino.
1639 5021 1703 5117 tlibi}
1710 5070 1733 5116 iii
1744 5069 1834 5117 mundo
1845 5069 1884 5116 ln-

1089 5130 1160 5190 utile.
1174 5133 1220 5181 etsi
1235 5145 1308 5182 secus
1323 5131 1392 5180 nobis
1411 5131 1530 5180 videatur.
1549 5131 1613 5180 turis
1634 5128 1751 5181 naturalis
1771 5129 1881 5190 cognitio

1089 5193 1164 5243 indita
1179 5193 1278 5242 bomini.
1292 5198 1382 5243 iterum
1391 5193 1424 5241 de
1433 5193 1586 5255 juramentis.
1777 5191 1883 5240 iti-loti

1119 5261 1205 5305 licuit..
1217 5262 1271 5304 xlii.
1284 5255 1415 5304 Gratiarum
1427 5255 1489 5304 actio
1499 5253 1694 5303 adhueadneum
1702 5252 1735 5302 de
1746 5251 1883 5301 motatione

1089 5317 1211 5367 tristium:
1225 5325 1251 5367 et
1259 5315 1454 5366 commemoratio
1466 5329 1550 5365 eorum
1569 5317 1610 5378 qui
1623 5321 1721 5377 propter
1731 5313 1881 5362 seditionem

1087 5381 1183 5440 raptati,
1196 5391 1280 5441 poenos
1291 5378 1395 5428 luerunt.
1407 5376 1520 5427 similiter
1530 5389 1615 5426 rursus
1624 5377 1743 5438 expositio
1754 5375 1786 5424 de
1796 5375 1877 5424 homi-

1088 5441 1126 5489 nis
1136 5441 1269 5498 creatione,
1283 5447 1309 5490 et
1319 5439 1383 5512 quod
1396 5438 1478 5501 legem
1489 5439 1612 5500 acceperit
1628 5436 1762 5487 naturalem
1779 5449 1785 5485 :
1804 5442 1830 5485 et
1845 5435 1880 5485 de

1084 5502 1178 5565 jurandi
1190 5502 1364 5552 consuetudine
1376 5501 1488 5550 radicitus
1500 5497 1819 5549 tollenda.-ooiisternatio
1827 5497 1881 5546 ln·

1088 5565 1253 5614 tioclienorurn
1264 5566 1289 5612 iii
1301 5563 1476 5626 perquisitione
1487 5560 1520 5611 de
1530 5563 1616 5611 statuis
1627 5563 1729 5610 eversis.
1742 5554 1880 5630 miserabile

1085 5627 1257 5687 spectantium.
1269 5624 1431 5674 calaiiiitnsad
1447 5624 1562 5673 virtutem
1583 5623 1657 5672 ducit.
1675 5629 1752 5684 teges
1770 5621 1880 5670 inritatis

1087 5700 1145 5750 ergo
1159 5689 1301 5750 priixiutnni.
1315 5685 1438 5736 Adversus
1445 5684 1590 5746 jnrnnieiita.
1776 5680 1882 5732 libito

1117 5757 1199 5800 uouit.
1214 5755 1266 5798 titi.
1280 5749 1367 5810 eopnlo
1378 5748 1443 5798 omni
1458 5747 1489 5794 ab
1500 5748 1609 5818 angustia
1629 5745 1733 5795 liberato
1744 5751 1771 5794 et
1786 5744 1878 5794 consti-

1086 5819 1139 5862 tuto
1150 5813 1174 5860 in
1191 5811 1289 5866 fiducia,
1306 5809 1403 5871 quidam
1413 5820 1507 5857 riusum
1519 5809 1640 5857 civitatem
1653 5805 1761 5857 confictis
1771 5806 1876 5854 rumori·

1086 5873 1131 5920 lius
1143 5873 1275 5923 tremendis
1287 5873 1456 5932 turbaverunt,
1469 5877 1496 5920 et
1506 5871 1606 5920 oontlctl
1618 5876 1674 5918 sunt
1684 5882 1691 5931 ;
1702 5869 1736 5918 dc
1747 5867 1793 5918 hoc
1803 5867 1879 5931 igitur
