4142 6342
176 401 223 463 m
642 377 1360 473 tumeuuuutmtocnunbuuomeuu
1762 411 1815 470 roa

174 519 245 575 eirca
258 517 376 574 animam
389 532 497 578 omnem
514 535 606 579 curam
625 522 831 598 impendamus,
850 533 878 584 et
898 526 969 585 haue
1020 526 1099 583 nobis
1111 537 1271 596 conservet,
1285 536 1313 585 et
1325 528 1438 584 duorum
1450 526 1498 582 tint
1511 525 1623 582 alterum
1635 566 1643 594 ,
1656 521 1698 581 rel
1717 539 1821 600 recen-³

172 609 245 667 omui
257 609 339 668 modo
350 626 486 674 caremus·
501 614 622 687 Corpora
636 615 735 690 quippe
746 619 900 692 languentia
912 635 967 680 uon
1019 617 1103 674 ciliali
1119 617 1291 691 pejeremus,
1317 620 1360 676 uel
1381 635 1436 675 nou
1458 615 1642 686 reconciliati,
1658 616 1713 675 odii
1728 617 1815 689 culpe

172 701 297 760 omines
306 717 404 761 curare
418 704 496 763 lacile
507 715 568 776 est,
583 708 700 766 animam
714 726 780 768 vero
797 711 967 772 laborantem
1023 718 1129 767 uosmet
1141 724 1205 790 reos
1216 711 1420 768 constituamus.

172 791 320 866 eetcaique
333 793 463 852 medicari
475 797 649 858 facillimum:
664 809 693 858 et
712 803 834 874 corporis
856 803 966 878 quidem
1055 802 1083 858 l.
1105 801 1212 858 uorotir
1234 803 1378 860 exhortatio
1398 803 1434 858 od
1456 803 1604 876 iuramento
1636 801 1752 858 edendo.

171 883 334 964 curatio,et
346 885 552 946 medicaminum
563 897 592 948 ει
608 892 710 964 argenti
731 892 852 968 indiget,
870 895 966 954 animas
1021 897 1087 952 llaec
1108 896 1189 968 igitur
1212 897 1348 966 scientes,
1371 896 1523 967 iuramenta
1546 895 1677 968 fugiamus
1696 904 1724 954 et
1748 896 1817 952 assi·

169 987 233 1031 uero
244 973 324 1034 lacilc
339 978 466 1048 parabilis
477 987 504 1038 ot
518 982 655 1054 impendio
673 999 770 1042 corcus
787 988 897 1044 :carnis
914 1003 965 1046 ua·
1021 987 1074 1044 due
1096 987 1241 1044 meditetur
1260 1003 1292 1045 os
1313 995 1434 1046 nostrum
1460 987 1569 1058 dicere,
1592 986 1694 1044 Crede:
1715 994 1745 1042 et
1763 985 1817 1041 hoe

169 1075 227 1124 tura
239 1069 399 1128 multooum
413 1071 505 1130 labore
518 1073 552 1132 ab
566 1073 753 1135 infestantibus
766 1077 964 1136 liberaturuul·
1017 1080 1070 1136 erit
1105 1079 1183 1137 nohis
1215 1081 1298 1138 totius
1329 1079 1436 1152 pietatis
1477 1088 1672 1152 argumentum.
1713 1077 1818 1150 Lingua

167 1163 279 1222 neribus
295 1181 304 1220 a
320 1166 421 1222 etenim
435 1166 537 1225 ierrum
550 1185 622 1242 saepe
639 1179 667 1228 et
684 1186 775 1228 amara
788 1171 966 1231 medicamine
1017 1172 1091 1230 euim
1113 1173 1223 1230 uerbum
1252 1173 1304 1231 hoc
1324 1173 1429 1230 uuum¹
1451 1173 1543 1231 dicere
1562 1173 1651 1242 docta,
1673 1169 1817 1229 conlundi·

168 1255 494 1318 adhihercnecessarium
509 1271 568 1335 est;
589 1265 616 1320 in
637 1265 724 1322 anima
746 1281 812 1324 voro
835 1265 900 1325 nihil
923 1275 965 1326 est
1017 1272 1062 1321 tur
1089 1273 1117 1322 ot
1147 1265 1285 1324 erubescit
1308 1267 1395 1339 turpia
1430 1275 1458 1324 et
1490 1264 1606 1322 absurda
1639 1263 1722 1321 rerba
1751 1279 1815 1336 pro·

168 1350 220 1406 tale
232 1390 243 1419 ,
257 1349 306 1408 sod
323 1359 428 1410 tautum
444 1354 511 1412 telle
522 1365 550 1413 et
569 1371 668 1430 cupere
689 1358 806 1428 sullicit,
825 1368 855 1416 et
875 1360 964 1418 omnia
1017 1357 1089 1415 lerre
1103 1377 1111 1416 ε
1124 1358 1187 1416 etsi
1199 1375 1306 1418 rursum
1318 1375 1334 1416 a
1345 1357 1540 1418 cousuetudine
1557 1358 1711 1416 retrahatur
1725 1399 1733 1423 ‚
1746 1343 1824 1443 mul-J

167 1450 289 1499 correcta
312 1452 385 1500 sunt.
407 1444 514 1504 stuoo
535 1446 585 1504 luit
606 1464 673 1520 opos
697 1449 746 1508 liei
767 1451 962 1523 providentioe:

167 1533 294 1604 unanima
317 1535 389 1592 enim
410 1551 445 1594 ex
467 1541 586 1612 corporis
604 1541 758 1601 inllrmitate
777 1560 830 1602 uon
851 1543 964 1604 multum

167 1625 224 1682 lieri
238 1637 431 1686 nocumentum
447 1639 554 1704 potest:
573 1636 728 1692 nemetiam
743 1638 766 1694 si
781 1653 836 1694 uon
849 1648 964 1713 agrole-

168 1733 249 1790 mus,
265 1735 336 1778 mors
349 1709 544 1795 superieoiem
558 1725 647 1798 ipsum
668 1738 840 1802 corrumpet,
858 1741 887 1788 et
904 1746 963 1788 om·

171 1813 236 1870 nino
248 1813 394 1872 dissolvet:
410 1825 496 1874 totum
515 1833 581 1876 uero
598 1820 676 1878 uobis
701 1822 728 1879 in
747 1823 830 1879 animi
849 1824 965 1882 multato

167 1907 247 1966 dium
260 1917 301 1965 est
315 1925 324 1963 ε
343 1909 430 1968 multo
443 1911 557 1970 utilioris
570 1923 598 1971 et
609 1915 693 1986 magis
706 1916 867 1974 necessaria
878 1915 964 1990 partis

164 2000 332 2058 curationem
344 2001 408 2059 iecit
419 2002 524 2062 laoilem
536 2014 563 2062 et
577 2005 714 2078 impendio
723 2014 750 2065 et
760 2007 853 2066 dolore
866 2023 964 2068 careu-

163 2099 226 2148 tem.
252 2092 340 2162 Quam
361 2095 443 2168 igitur
460 2099 659 2158 excusationem
685 2099 865 2160 habebimus?
881 2119 962 2177 quam

160 2192 252 2242 autem
263 2191 372 2246 reniam
385 2233 393 2260 ‚
406 2206 469 2248 oum
482 2195 603 2266 corporis
615 2193 744 2268 quidem,
761 2195 805 2254 uhi
818 2205 959 2270 mentum

162 2286 312 2350 moretm,
335 2289 364 2338 ει
384 2283 481 2340 medici
500 2296 693 2358 accersuntur,
715 2295 743 2344 et
763 2287 864 2344 multus
886 2287 964 2347 dolor

161 2369 332 2440 sustinetur,
349 2381 450 2430 mamm
469 2391 594 2450 geramus
614 2392 726 2446 comm,
746 2381 880 2452 praecipue
901 2396 963 2438 cum

159 2475 359 2536 dommagoum
374 2466 410 2522 sit
423 2466 502 2524 nohis
516 2468 642 2526 damnum
651 2485 686 2527 ex
697 2469 771 2528 illius
784 2471 962 2544 egritudlnc3

158 2554 280 2610 animam
291 2571 359 2614 roro
372 2566 596 2630 contemnamus,
611 2567 640 2618 el
657 2560 709 2620 hoo
722 2576 784 2619 cum
799 2578 849 2622 nec
867 2579 964 2636 argon·

160 2657 216 2704 tum
230 2663 365 2722 erogare,
380 2666 431 2708 neo
451 2651 519 2710 alios
540 2652 717 2725 perturbare,
742 2671 831 2727 neque
850 2655 958 2714 dolores

160 2741 295 2799 sustinere
309 2742 459 2802 debeamus
470 2761 479 2814 ;
492 2744 540 2804 sed
554 2746 655 2819 absque
668 2746 710 2806 ltis
724 2748 849 2806 omuibus
863 2764 963 2822 propo·

161 2833 215 2888 sito
229 2833 316 2890 solum
330 2843 360 2892 et
379 2836 518 2894 voluntate
537 2851 644 2896 omnem
665 2837 749 2912 ipsius
768 2840 963 2898 correctionem

157 2924 251 2984 lacere
264 2928 403 2999 mimus
416 2945 424 2986 a
437 2939 466 2988 et
483 2931 584 3004 optime
604 2932 721 2990 sciamus
739 2947 812 3002 nos,
835 2933 888 2990 nisi
911 2931 963 2992 hoo

158 3016 308 3080 lecerimus
320 3064 331 3093 ,
345 3031 495 3080 extremam
508 3024 645 3084 subituros
658 3039 783 3098 poenam,
803 3035 831 3083 et
850 3025 963 3084 inevita-

154 3109 220 3168 bilia
236 3121 376 3170 tormcuta
388 3123 470 3188 atque
484 3116 637 3190 supplicia?
651 3117 698 3174 liic
710 3132 826 3190 namque
839 3117 904 3174 milri
916 3159 924 3187 ,
938 3118 963 3176 si

154 3204 215 3275 quis
228 3213 322 3264 artem
332 3207 473 3266 medicina
487 3208 563 3266 lereti
574 3209 702 3284 temporis
714 3219 851 3268 momento
860 3210 962 3284 absque

153 3307 273 3370 argento
286 3308 315 3356 et
326 3299 420 3358 labore
433 3315 464 3358 se
484 3300 627 3358 docturum
651 3311 678 3362 to
695 3301 885 3376 polliceretur,
907 3318 962 3362 uon

153 3390 245 3460 ipsum
261 3399 373 3464 putares
393 3391 616 3452 henetaomreml
635 3409 726 3452 noune
746 3393 853 3454 subires
871 3396 961 3454 omnia

152 3481 247 3540 lacere
262 3492 291 3540 ct
304 3485 359 3556 pati
371 3527 380 3554 ,
394 3499 571 3558 quecumque
585 3485 644 3543 uec
666 3483 795 3559 pollicens
813 3487 961 3559 jussisset!

153 3569 225 3630 Ecce
245 3588 322 3630 nuuc
340 3573 400 3632 siue
416 3575 552 3634 laboribus
573 3575 654 3644 licet,
674 3592 729 3635 uon
748 3578 890 3650 corporis,
912 3577 961 3638 sed
988 3637 991 3644 ,

153 3665 258 3720 enimse
273 3663 415 3724 uulnerum
438 3667 559 3726 inreuire
578 3669 715 3742 remedia,
736 3679 764 3728 et
780 3685 839 3728 eam
858 3671 961 3744 absque

153 3755 254 3814 dolore
268 3756 326 3815 ullo
338 3757 373 3815 ad
390 3760 533 3824 sanitatem
548 3761 678 3822 reducere
691 3780 699 3820 t
720 3779 755 3822 ue
777 3763 857 3836 igitur
877 3766 960 3838 negli-

151 3861 264 3919 gamus.
279 3847 347 3918 Quis
360 3849 455 3920 enim,
477 3850 522 3910 dic
542 3854 629 3925 milti,
653 3853 751 3923 dolor,
772 3855 838 3914 iram
860 3856 961 3914 contri·

151 3943 236 3998 stanti
253 3943 394 4002 remittere
407 3944 420 4000 i
433 3945 517 4003 Dolor
537 3946 645 4020 quidem
667 3958 709 4007 est
733 3950 843 4022 injurias
864 3952 960 4010 memi-

151 4033 226 4091 nisse
242 4075 253 4104 ,
270 4041 299 4091 ct
312 4046 366 4092 nou
377 4037 525 4094 conciliari.
539 4038 605 4108 Quis
619 4039 695 4098 labor
709 4055 806 4110 erare,
821 4050 848 4098 et
866 4057 881 4098 a
903 4042 960 4102 Deo
983 4106 989 4117 ,

151 4135 283 4200 prompte
293 4129 450 4200 praebente,
462 4132 603 4189 innumera
617 4133 686 4190 hona
698 4135 808 4206 petorei
816 4135 875 4206 quis
884 4134 960 4194 labor

151 4217 305 4280 daralaere
319 4225 420 4281 nemini
431 4225 443 4282 i
454 4242 514 4299 qttae
524 4227 666 4286 dlllloultas
676 4229 711 4286 ab
724 4229 824 4287 inuidia
836 4239 863 4287 et
874 4231 959 4290 liuore

150 4313 287 4372 liberarii
310 4332 373 4390 quae
405 4319 529 4378 molestia
563 4323 715 4395 proximum
741 4322 958 4397 diligeretque

152 4421 280 4466 erumna
303 4424 359 4468 non
376 4413 463 4485 turpia
485 4415 567 4472 uerba
584 4415 685 4489 loqui,
707 4430 762 4473 uon
786 4416 957 4488 conuicium,

150 4515 208 4557 nou
221 4501 355 4574 iujuriam
367 4502 467 4562 iulerre
476 4504 489 4561 i
499 4521 559 4578 quae
571 4504 691 4580 latigatio
702 4523 756 4566 uon
768 4507 859 4580 jurare
870 4509 883 4565 i
895 4525 956 4566 rur-

151 4605 215 4650 sum
228 4593 305 4649 cmm
320 4593 355 4650 ad
368 4595 490 4654 eamdem
503 4595 644 4658 deveniam
657 4599 878 4660 admonitionem.
899 4601 957 4662 lmo

1018 1457 1060 1505 tos
1081 1448 1183 1506 habeus
1202 1458 1372 1528 accusatores
1391 1449 1561 1524 corripietur.
1581 1451 1648 1506 Cum
1662 1449 1735 1507 euim
1753 1448 1824 1539 troia¹

1017 1555 1072 1596 uou
1080 1539 1216 1612 jurantem
1230 1543 1316 1615 turpia
1336 1542 1436 1600 viderit
1448 1541 1529 1599 rerba
1549 1540 1750 1614 proterentem,
1774 1539 1817 1596 in-

1018 1631 1130 1690 sultabit
1143 1631 1241 1702 locile,
1255 1633 1388 1692 deridebit
1402 1677 1411 1705 ,
1431 1642 1459 1692 et
1476 1649 1589 1707 carpens
1610 1633 1683 1693 dicet
1697 1653 1705 1690 r
1718 1632 1758 1691 'iu
1770 1632 1818 1705 qui

1017 1723 1046 1781 iu
1060 1725 1186 1783 omuibus
1198 1725 1265 1783 dicis
1277 1768 1286 1797 ‚
1300 1724 1398 1799 Crede,
1417 1727 1598 1799 iuramentum
1618 1726 1739 1799 prolerre
1760 1737 1817 1782 uon

1016 1816 1139 1886 audens,
1155 1818 1291 1892 quomodo
1313 1820 1436 1892 turpibus
1453 1821 1570 1893 linguam
1593 1827 1666 1877 tuam
1684 1820 1818 1877 sermoni·

1016 1909 1068 1966 bus
1081 1912 1271 1969 contaminas?
1284 1913 1375 1986 ltaque
1386 1922 1414 1970 et
1433 1913 1509 1970 inuiti
1523 1928 1538 1967 a
1551 1911 1729 1984 presentibus
1741 1926 1818 1968 eom·

1016 2003 1105 2075 pulsi,
1121 2005 1156 2062 ad
1168 2007 1295 2078 pietatem
1305 2007 1462 2065 redibimus.
1474 2005 1543 2074 Quid
1563 2005 1645 2078 igitur
1665 2005 1689 2062 si
1705 2003 1816 2076 iurandi

1019 2096 1167 2154 necessitas
1177 2098 1213 2154 sit
1223 2099 1235 2155 i
1247 2099 1336 2172 iuquit
1347 2098 1452 2172 aliquis.
1466 2097 1516 2156 Ubi
1526 2107 1568 2155 est
1580 2098 1646 2171 legis
1658 2097 1817 2169 praevarica-

1020 2187 1058 2244 tio
1070 2229 1079 2256 ‚
1090 2202 1145 2247 non
1159 2197 1201 2246 est
1212 2191 1370 2248 necessitas.
1385 2189 1421 2247 Et
1434 2188 1562 2262 possibile
1575 2197 1618 2246 est
1630 2189 1737 2260 ponitus
1749 2229 1758 2256 ,
1772 2188 1816 2244 iu·

1018 2279 1097 2351 quit,
1111 2297 1164 2338 nou
1173 2283 1289 2354 jurarei
1300 2283 1370 2354 Quid
1389 2283 1451 2338 nisi
1474 2281 1544 2339 licus
1565 2281 1666 2355 jussit,
1682 2291 1718 2339 et
1733 2280 1818 2338 audes

1018 2367 1207 2444 interrogare,
1246 2390 1279 2430 an
1311 2374 1398 2447 legem
1429 2374 1565 2430 custodire
1596 2375 1632 2430 sit
1662 2373 1817 2446 possibile!

1019 2461 1078 2520 imo
1104 2465 1269 2538 impossibile
1293 2483 1345 2524 non
1369 2465 1525 2535 custodire,
1551 2474 1579 2522 ει
1602 2463 1654 2522 hoc
1678 2479 1726 2538 per
1746 2479 1817 2535 prae·

1017 2559 1106 2614 sentia
1128 2557 1204 2616 vohis
1229 2560 1393 2631 persuadere
1425 2559 1488 2616 uolo
1517 2559 1588 2630 quod
1623 2571 1676 2614 non
1715 2557 1817 2628 impos·
1885 2579 1889 2587 =

1018 2648 1098 2706 sibile
1119 2649 1156 2706 sit
1179 2666 1233 2707 nou
1252 2651 1365 2721 jurare,
1390 2651 1438 2708 sod
1458 2652 1561 2723 jurare.
1575 2649 1645 2707 Ecce
1661 2649 1733 2705 enim
1745 2647 1818 2719 iussi

1015 2749 1079 2797 sunt
1093 2739 1187 2798 urbem
1202 2741 1362 2815 habitantes,
1376 2743 1446 2817 quod
1459 2742 1602 2800 multorum
1613 2743 1684 2798 eires
1694 2740 1826 2818 excede·2

1016 2847 1048 2889 re
1059 2831 1176 2904 vidotm,
1188 2849 1283 2892 aurum
1296 2849 1418 2907 erogare,
1431 2845 1460 2892 et
1478 2833 1565 2906 major
1576 2847 1639 2906 pars
1645 2833 1702 2906 jam
1715 2825 1825 2892 collata‘

1017 2933 1070 2995 est,
1084 2935 1165 2999 atque
1188 2938 1329 2986 exactores
1353 2927 1447 2986 audire
1473 2929 1555 2997 licet,
1581 2928 1725 3005 dicentes:
1745 2925 1819 2996 Quid

1015 3019 1108 3077 tardas
1120 3021 1219 3079 lromoi
1233 3021 1298 3094 quid
1316 3037 1381 3080 uero
1395 3038 1446 3079 nos
1461 3021 1496 3079 de
1508 3019 1554 3079 die
1566 3020 1593 3078 iu
1609 3019 1680 3079 diem
1703 3019 1826 3110 ‹liliersl¹

1017 3129 1073 3172 noa
1084 3115 1156 3172 enim
1169 3115 1286 3188 elingere
1301 3124 1378 3189 potes
1392 3133 1399 3172 ε
1414 3115 1456 3172 lea
1481 3114 1654 3188 imperatoris
1679 3125 1730 3184 cst,
1752 3129 1815 3187 quta

1016 3221 1121 3264 moram
1138 3221 1192 3264 uon
1219 3207 1328 3281 patitur.
1348 3208 1418 3280 Quid
1438 3223 1530 3281 queso
1555 3207 1642 3266 dieis?
1667 3207 1826 3300 imperator¹

1012 3297 1095 3370 lussit
1103 3299 1232 3372 pecunias
1246 3298 1325 3371 pendi
1334 3341 1343 3369 ,
1352 3307 1379 3357 et
1390 3308 1420 3357 ut
1433 3314 1487 3356 uon
1501 3299 1614 3371 pendas,
1628 3299 1686 3356 lieri
1694 3314 1748 3356 uon
1762 3315 1826 3392 po·¹

1013 3396 1084 3458 test;
1100 3389 1172 3448 lieus
1194 3391 1346 3463 iuramenta
1373 3389 1466 3463 lugere
1482 3391 1572 3463 jussit,
1600 3399 1628 3448 et
1648 3390 1726 3459 dicis,
1751 3390 1835 3466 lion,¹

1013 3495 1157 3554 possumus
1169 3482 1262 3556 lugere
1273 3484 1446 3556 iuramenta?
1458 3483 1555 3542 Sextus
1570 3482 1615 3540 hie
1627 3483 1685 3542 dies
1692 3484 1816 3557 estquod

1015 3569 1050 3630 de
1063 3572 1115 3630 hoc
1125 3589 1173 3632 ros
1187 3585 1322 3649 precepto
1331 3575 1464 3633 admomo
1479 3592 1487 3629 ι
1505 3573 1660 3632 inlusurum
1674 3575 1816 3632 uobiscum

1013 3665 1114 3736 pacisci
1133 3667 1205 3735 eolo,
1222 3679 1357 3740 tamquam
1370 3668 1520 3738 desistens,
1547 3677 1578 3724 ut
1603 3667 1732 3725 careatis.
1752 3665 1815 3725 lion

1012 3755 1126 3828 amplius
1136 3757 1212 3815 uobis
1221 3758 1272 3816 erit
1282 3760 1513 3831 excusationequc
1523 3759 1610 3826 reuia,
1621 3758 1739 3814 maxime
1750 3772 1814 3813 cum

1013 3847 1143 3904 etiamsi
1156 3849 1521 3908 nonsotoomrussouuu
1534 3892 1542 3920 ‚
1556 3867 1571 3906 o
1586 3850 1663 3924 vona
1676 3849 1741 3921 ipsis
1756 3833 1837 3945 uoq¹

1014 3939 1113 4012 corrigi
1137 3939 1259 3999 debuerit
1281 3958 1353 4000 :uec
1377 3944 1448 4000 enim
1469 3942 1572 3999 varium
1598 3947 1650 4008 est,
1675 3950 1704 3998 ει
1727 3942 1813 4000 multa

1013 4031 1210 4101 preparatione
1224 4032 1356 4105 indigens.
1379 4031 1446 4091 Cum
1470 4048 1535 4089 vero
1547 4039 1650 4089 tantum
1662 4034 1722 4090 sutis
1740 4034 1814 4092 nacti

1013 4116 1204 4178 admonitionis
1213 4130 1241 4179 ει
1253 4123 1368 4191 consilii,
1382 4138 1462 4196 quam
1469 4122 1602 4180 habebitis
1609 4126 1813 4183 excusationem

1012 4210 1141 4278 accusati,
1153 4227 1204 4284 pro
1211 4212 1340 4271 tribunali
1349 4215 1487 4272 constituti
1496 4215 1644 4283 tremendo,
1652 4230 1713 4273 cum
1722 4231 1810 4290 poene

1012 4301 1241 4372 prevaricationis
1267 4305 1347 4378 hujus
1373 4321 1389 4362 a
1412 4297 1489 4366 vohis
1514 4307 1654 4382 exigentur
1669 4309 1682 4366 i
1700 4309 1808 4368 Nullam

1012 4391 1109 4450 ailerre
1128 4393 1220 4454 licebit
1242 4399 1466 4467 excusationem,
1486 4399 1534 4456 setl
1559 4413 1672 4458 necesse
1694 4401 1747 4458 erit
1766 4401 1811 4460 rel

1011 4487 1169 4547 emendatos
1181 4489 1266 4560 abire,
1283 4491 1327 4549 vel
1340 4507 1394 4549 nou
1407 4490 1564 4551 emendatos
1571 4493 1669 4566 puniri,
1678 4503 1705 4553 et
1717 4505 1810 4552 extro·

1012 4592 1086 4636 mum
1106 4579 1197 4638 subire
1219 4581 1389 4656 supplicium.
1408 4583 1473 4641 fleo
1487 4584 1567 4658 igitur
1579 4586 1668 4643 omnia
1689 4587 1810 4660 cogitan-

151 4683 235 4742 Μ
256 4686 392 4744 mimus
408 4688 522 4760 imm
545 4691 644 4764 πρίω
662 4693 736 4751 enim
758 4695 798 4752 im
816 4703 845 4752 e,
867 4695 957 4756 ,mm
1010 4673 1087 4740 tcs¹,
1102 4687 1162 4731 cum
1174 4676 1256 4732 multa
1269 4675 1331 4734 ltine
1348 4677 1550 4750 cumularem,
1571 4695 1630 4752 qua
1656 4688 1696 4737 tot
1713 4680 1809 4741 diebos

152 4773 261 4836 dmi
274 4819 283 4847 ,
298 4793 348 4836 ΜΒ
361 4779 542 4840 iniestautium
555 4785 671 4856 cuipiam
692 4801 746 4843 non
768 4787 957 4846 mmmmm,
1010 4761 1154 4822 dictasunt
1166 4768 1370 4837 omnioustodia
1385 4770 1412 4827 in
1430 4779 1522 4828 mente
1537 4779 1626 4829 vestra
1645 4787 1809 4834 conseruare

151 4883 200 4926 Μ
210 4870 385 4942 imm·
398 4883 491 4945 postea
504 4876 543 4934 m
557 4877 689 4936 omium
701 4887 729 4938 ει
740 4879 831 4938 sum
843 4882 954 4953 sedam,
1011 4855 1083 4915 inter
1093 4873 1142 4916 ros
1156 4860 1335 4918 exhortamini
1350 4880 1357 4917 :
1373 4879 1426 4936 quo
1446 4865 1490 4921 uel
1508 4865 1586 4922 nohis
1601 4869 1751 4925 tacentibus
1764 4867 1807 4924 al·

153 4961 331 5020 mmmm
356 4965 498 5038 volenoes,
519 4977 547 5027 e,
561 4968 774 5044 immenwmm
796 4977 957 5034 nemim„
1011 4959 1054 5009 ter
1065 4953 1179 5010 alterum
1191 4954 1336 5025 ducentes,
1351 4957 1524 5028 aedificantes,
1539 4959 1809 5029 exhortantes,mul·

152 5053 289 5120 coerciti,
301 5054 434 5116 doluimus
448 5067 583 5132 umquam
606 5062 702 5137 laqueo
722 5066 837 5141 quodam
852 5067 956 5126 delenti
1011 5051 1068 5100 ‘¹¹¹⁰
1081 5045 1270 5104 d⁶m⁰¹¹⁵ffe¹i⁵
1282 5049 1442 5121 ¹³¹⁰s⁰⁰⁸m
1457 5057 1485 5108 ει
1498 5065 1592 5110 ⁰⁰¹⁰oe
1604 5053 1721 5124 “liqna
1733 5051 1825 5126 leges*

151 5150 181 5199 e
194 5143 316 5204 onoma
329 5146 515 5209 tosotoutuuus
529 5141 955 5227 irretru.oooooiuratotuto-
1010 5139 1163 5212 ruptores,
1180 5143 1289 5201 delli*
1311 5142 1437 5203 ‘simil
1456 5145 1809 5220 ⁰⁰¹⁰⁰³⁸²l¹¹²⁸⁰⁰¹¹¹¹¹¹⁸²‘
1840 5233 1845 5240 .

151 5235 213 5306 rit,
230 5247 259 5296 et
271 5240 335 5312 quia
349 5241 427 5313 plane
439 5245 513 5302 norit
525 5245 593 5304 iram
614 5263 675 5306 esse
697 5251 806 5324 iguem,
828 5260 856 5310 et
876 5253 957 5312 laeile
1010 5249 1061 5293 ¹¹⁰⁵
1076 5250 1171 5294 ⁰¹¹¹¹¹⁰⁸
1182 5238 1299 5312 medule
1314 5240 1399 5312 Μ
1410 5240 1612 5314 “mimum
1637 5237 1743 5298 mmm
1755 5255 1809 5298 ¹¹⁰⁶

153 5330 312 5404 exstingui,
327 5341 355 5390 et
366 5335 498 5396 exstincta
512 5337 551 5394 ira
565 5342 810 5408 reconciliationem
824 5354 853 5403 ει
865 5345 956 5406 amici·
1011 5329 1135 5387 διωθεῖ·
1146 5330 1257 5402 Chfssfiv
1278 5347 1328 5406 W
1339 5349 1420 5407 (ΨΜ
1434 5341 1462 5392 ⁰¹
1480 5348 1542 5392 ⁰⁰¹⁰
1558 5346 1611 5405 ‘¹¹¹⁰
1631 5329 1704 5388 mi
1720 5331 1808 5406 Μ’

153 5414 223 5472 tiam
247 5419 344 5491 sequi,
366 5423 477 5495 cupiens
505 5423 594 5498 ignem
619 5429 690 5488 ltuno
711 5431 956 5507 inexstinguibilem
1012 5422 1409 5499 Simulquesln⁰¹0siill¹¹¹hiss
1425 5423 1805 5484 ⁵2⁰¹¹¹m⁰¹¹¹⁰¹⁰ffl¹¹¹⁰¹²

152 5521 268 5569 manere
279 5555 288 5584 ,
301 5513 455 5588 juramento
470 5534 520 5577 oos
532 5523 630 5594 saepius
644 5524 778 5596 irretivit,
792 5538 821 5585 ut
833 5539 861 5586 et
879 5532 902 5589 si
914 5533 954 5590 ira

149 5598 305 5675 ‘hillidio
322 5605 469 5680 iuramenti
483 5615 629 5674 necessitas
643 5633 773 5690 mouens,
788 5619 912 5681 ardorem
925 5625 953 5681 in
1040 5577 1123 5636 ’Μ’
1132 5579 1290 5632 'mim
1299 5578 1477 5643 hamme
1487 5585 1541 5632 tros

1040 5637 1513 5709 ’mizuueipitomoreeeopitmtec
1622 5684 1625 5690 .

262 5936 400 6026 §.dorm
423 5943 599 6014 Guarsosr.
622 5947 660 6014 tt.

1469 5961 1635 6046 (outo-i
