4142 6342
281 312 331 372 {25

279 441 402 496 currens,
417 440 471 482 non
481 424 594 490 laborat,
607 435 694 493 neque
706 417 847 491 latigaitur;
858 415 905 474 scd
920 415 1002 487 pedes
1014 413 1074 485 qui·

279 521 341 578 dem
353 519 488 594 paululum
501 515 633 590 progressi
649 513 772 570 latiscunt
781 521 808 569 et
819 512 964 579 lassantur,
981 508 1074 565 ocolus

280 627 344 670 roro
358 621 457 669 tantam
471 609 636 667 altitudinem
648 619 800 679 permeans,
816 611 969 674 tantamque
982 599 1074 656 latitu-

280 707 381 774 dinem,
394 704 493 760 unllam
502 701 583 760 sentit
592 700 783 758 infirmitatem.
794 697 926 768 Quoniam
935 679 1006 753 enirn
1016 707 1075 750 om·

282 797 354 852 nium
365 795 546 852 membrorum
555 792 606 850 boc
620 800 661 849 est
670 790 747 848 nobis
757 789 872 846 maxime
881 785 1073 854 necessarium,

283 889 369 960 ipsum
390 887 479 943 labore
493 884 578 958 premi
599 899 651 940 non
666 882 802 956 permisit,
822 879 857 936 ita
875 887 906 935 ut
922 876 1075 948 expeditum

282 981 365 1051 ipsius
378 975 565 1046 ministerium,
581 985 609 1033 ct
622 975 734 1032 liberum
746 973 824 1030 nobis
838 979 919 1029 esset.
934 969 999 1041 Quis
1011 980 1076 1024 tero

283 1085 389 1127 ornnem
400 1070 513 1128 membri
521 1069 601 1142 buius
610 1067 734 1124 virtutem
742 1079 865 1124 sermone
874 1063 1006 1119 disserere
1014 1074 1077 1132 pos-

283 1164 343 1219 1111
354 1163 389 1218 Et
398 1161 461 1234 quid
471 1161 505 1220 de
523 1161 623 1234 pupilla
635 1158 795 1231 ridendique
806 1156 931 1215 facultate
941 1155 1001 1211 dico
1011 1153 1030 1207 1-
1046 1151 1077 1208 Si

284 1255 355 1311 enim
368 1252 440 1326 quod
452 1253 571 1311 omnium
582 1253 740 1308 uilissimum
752 1264 813 1307 esse
826 1248 932 1305 uidetur
941 1246 1077 1304 membro·

276 1346 433 1418 ,rum,oeuli
449 1344 589 1418 palpebras
595 1343 752 1418 exquisieris
761 1341 953 1408 tantummodo,
960 1347 987 1397 et
999 1340 1025 1396 in
1034 1338 1077 1395 bis

286 1437 397 1494 multam
411 1437 458 1494 liei
472 1440 600 1494 creatoris
610 1436 767 1508 sapientiam
783 1433 895 1490 uidebis.
921 1430 1075 1488 sicutenim

285 1527 314 1584 in
333 1527 414 1599 spicis
434 1527 523 1584 aristae
539 1535 674 1599 mmquam
688 1524 809 1597 quaedam
827 1531 955 1596 pretenta
975 1521 1076 1594 spicula

286 1630 350 1675 ares
364 1617 506 1689 repeliunt,
525 1632 579 1673 non
594 1618 713 1672 sinentes
726 1615 823 1672 lructui
844 1605 970 1682 insidere,
989 1613 1076 1669 11111-

285 1710 375 1783 polam
388 1709 560 1766 infirmiorem
571 1708 725 1781 distringere
734 1726 741 1763 :
750 1708 790 1765 sic
802 1706 922 1780 prolecto
936 1706 998 1763 etin
1012 1720 1077 1762 ocu·

286 1799 330 1867 lis,
348 1800 420 1856 reiut
437 1800 558 1871 quaedam
579 1800 667 1857 ariste
693 1809 721 1857 et
739 1799 839 1870 spicula
864 1794 993 1870 praetenta
1015 1806 1078 1853 stunt

285 1888 472 1961 palpebrarum
497 1890 565 1962 pili,
586 1890 723 1962 pulverem
744 1898 772 1946 et
789 1889 905 1947 festucas
933 1899 961 1947 et
987 1889 1078 1945 omnia

286 1981 410 2036 vexantia
422 1981 588 2039 extrinsecus
600 1982 764 2054 repellentes
776 1981 810 2038 ab
828 1980 924 2049 oeulis,
945 1995 996 2038 nec
1019 1981 1078 2054 pal·

161 2070 189 2084 ”
285 2072 384 2144 pebrra
400 2072 521 2130 iniestari
542 2075 671 2131 sinentes.
692 2073 790 2130 Videas
805 2080 894 2130 autem
912 2082 940 2130 11
966 2073 1076 2130 alteram

286 2165 445 2236 sapientiam
462 2167 489 2222 in
510 2166 661 2239 superciliis
675 2165 727 2224 bac
744 2181 797 2222 uon
823 2165 986 2224 inleriorem.
1011 2165 1078 2233 Quis

286 2257 358 2312 enim
373 2256 459 2328 ipsum
475 2258 555 2315 situm
568 2273 622 2314 non
636 2258 826 2330 obstupescat?
843 2258 968 2330 quoniam
988 2270 1078 2330 neque

285 2348 356 2406 ultra
368 2363 522 2407 mensuram
534 2351 673 2422 promissae
684 2361 757 2421 sunt,
768 2351 804 2407 ita
817 2357 846 2408 ut
859 2350 951 2408 oculos
963 2349 1076 2408 obtene-

285 2439 375 2508 brant,
396 2456 483 2514 neque
500 2457 581 2514 quarn
593 2457 661 2516 opus
681 2452 723 2501 est
740 2443 852 2501 interius
872 2441 1006 2510 resident;
1029 2440 1077 2498 sed

285 2533 359 2590 uelut
371 2533 466 2591 domus
479 2537 640 2608 suggrunda,
660 2537 699 2593 sic
713 2533 974 2607 superoe'eminent,
994 2535 1077 2592 sudo·

286 2637 343 2680 rem
356 2625 442 2696 capite
455 2624 614 2684 defluentem
623 2627 809 2699 suscipientes,
816 2641 866 2684 neo
878 2626 971 2687 oeulos
978 2625 1078 2685 laedere

224 2774 227 2779 ,
285 2715 480 2784 permittentes.
502 2715 645 2788 Propterea
664 2717 771 2788 quidem
794 2726 821 2774 et
835 2718 881 2788 pili
905 2717 970 2789 ipsis
991 2716 1075 2773 irinati

284 2812 358 2870 sunt,
369 2805 501 2864 densitate
522 2807 665 2866 deiluemia
686 2818 851 2878 coercentes,
869 2819 897 2867 ct
914 2810 1076 2868 multaciam

285 2895 421 2969 diligentia
436 2909 623 2982 protegentes,
646 2901 842 2976 allerentesque
861 2904 972 2960 muitum
992 2905 1077 2962 oculis

285 2987 488 3048 lormositatem.
501 2991 557 3050 Nec
568 2992 619 3050 lroo
632 3002 733 3052 tanturn
747 2995 807 3067 quis
825 2993 951 3052 admirari
965 3005 1074 3069 posset,

285 3079 334 3137 sed
343 3089 372 3138 11
383 3081 517 3140 aliudnon
530 3085 618 3142 mirma
629 3085 844 3158 querulosam
855 3088 926 3145 enim
939 3088 973 3146 do
984 3103 1073 3158 causa,

271 3181 386 3245 quaem,
400 3176 494 3248 capitis
508 3177 614 3250 quidem
629 3179 718 3249 capilli
739 3192 864 3238 creseunt
878 3190 905 3237 et
925 3181 1075 3239 detonden-

285 3274 338 3334 tur,
353 3271 555 3340 superciliorum
568 3287 632 3328 uero
638 3272 768 3330 minime?
779 3287 867 3346 neque
880 3274 951 3331 enim
968 3273 1076 3332 boono-

284 3359 326 3417 bis
339 3368 439 3420 temere
451 3372 478 3420 ct
490 3377 553 3422 casu
568 3363 665 3422 laetum
678 3373 728 3434 est,
743 3365 790 3422 sed
804 3381 839 3424 ne
854 3380 884 3424 sc
904 3365 1076 3426 demittentes

285 3455 376 3512 oculos
389 3457 605 3530 obtenebrarem,
622 3463 694 3534 quod
713 3462 842 3535 decrepiti
866 3479 947 3522 senes
967 3467 1075 3538 patinu-

285 3553 338 3603 tur.
353 3548 418 3616 Quis
425 3559 515 3608 autern
525 3561 615 3624 posset
629 3555 786 3628 sapientiam
809 3570 916 3614 omnem
931 3571 979 3630 por
996 3575 1075 3618 cere·

284 3637 362 3694 brrrm
372 3639 580 3702 demonstratam
603 3650 835 3704 commemoraret
853 3649 943 3706 Primo
964 3651 1073 3723 quidem

283 3727 371 3801 ipsum
383 3731 466 3789 mollo
475 3733 547 3802 lecit,
568 3737 692 3808 quoniam
706 3739 830 3796 sensibus
843 3739 932 3798 lentes
948 3743 1074 3800 omnibus

283 3821 415 3880 ministrat
431 3841 439 3880 a
454 3839 544 3897 postea
559 3843 592 3884 nc
606 3837 714 3900 propter
725 3831 861 3903 propriam
871 3833 985 3890 laedatur
996 3844 1074 3893 natu·

282 3925 350 3981 ratu,
366 3915 453 3986 ipsum
468 3918 574 3975 ossibus
582 3915 697 3992 undique
710 3921 840 3979 munivit:
860 3938 967 3980 rursum
981 3941 1015 3982 ne
1028 3940 1074 3983 os·

282 4006 352 4062 sium
371 4009 513 4079 asperitate
532 4012 651 4067 attritum
667 4021 788 4083 vexetur,
806 4017 990 4074 membranam
1015 4034 1073 4077 me·

282 4095 354 4153 diam
373 4097 502 4168 obtendit,
527 4115 577 4158 neo
602 4117 681 4160 unam
705 4104 801 4173 solam,
828 4105 876 4163 sed
901 4118 929 4164 et
948 4108 1071 4181 alteram,

282 4201 362 4246 unam
381 4191 488 4261 quidem
502 4193 623 4251 caluaria
643 4195 753 4254 inlerius
769 4198 945 4270 subtendens,
960 4201 1072 4261 alteram

282 4295 348 4338 uero
362 4297 477 4355 superne
489 4285 593 4342 cerebri
606 4288 678 4343 carni
689 4289 910 4361 circumvolvens,
931 4303 958 4350 et
972 4302 1013 4351 est
1027 4295 1082 4355 illa.

283 4374 334 4433 bac
345 4376 446 4432 durior.
462 4377 614 4437 llooautem
630 4377 693 4438 lecit
708 4390 763 4437 tum
777 4392 887 4454 propter
906 4399 1073 4445 commemo·

266 4476 366 4526 ‘ratam
380 4483 499 4538 causam,
516 4477 571 4526 tum
583 4479 612 4526 ut
630 4471 808 4546 illatas-copiti
827 4476 919 4547 plagas
939 4492 993 4534 nou
1018 4480 1073 4551 pri-

286 4575 359 4616 mum
374 4559 490 4632 excipiat
507 4563 657 4632 cerebrum,
671 4564 719 4620 sed
731 4576 957 4636 praeoccurrcutes
979 4568 1072 4640 buius·

283 4653 355 4709 modi
369 4654 532 4711 membranae
552 4655 648 4712 ictibus
661 4667 850 4715 nocumentum
873 4675 954 4718 omne
974 4661 1073 4720 dissol-

283 4755 357 4817 uant,
369 4756 396 4804 ct
409 4747 520 4804 illesum
535 4749 622 4822 ipsum
632 4759 800 4807 conseruent.
814 4751 884 4821 Quin
897 4761 925 4810 et
937 4755 1008 4827 quod
1018 4771 1071 4813 nou

282 4843 453 4900 continuetur
464 4855 492 4899 et
505 4858 587 4901 unum
600 4843 637 4899 sit
648 4857 679 4899 os
689 4843 775 4915 ipsum
787 4843 927 4918 obtegens,
943 4847 991 4904 scd
1003 4851 1073 4906 mul-

282 4947 323 4996 tas
337 4953 371 4995 ex
386 4939 476 4994 multis
491 4939 610 5011 partibus
624 4938 720 4995 lrabeat
733 4946 848 5006 suturas,
864 4941 955 4998 nrultm
964 4957 1071 5000 rursum

281 5032 432 5089 securitatis
444 5031 493 5102 ipsi
508 5045 588 5086 causa
613 5039 664 5086 est.
689 5030 724 5087 Et
736 5044 869 5101 raporum
887 5032 959 5089 enim
983 5035 1070 5107 ipsum

280 5124 474 5182 continentium
488 5123 572 5179 lacilis
592 5137 639 5196 per
661 5133 778 5190 suturas,
800 5122 859 5178 illos
873 5125 991 5180 exterius
1012 5125 1070 5184 lteri

165 5219 170 5232 '
280 5225 368 5287 potest
381 5215 531 5286 respiratio,
547 5217 583 5272 ita
597 5223 690 5271 utnon
703 5213 848 5273 sullocetur
866 5232 874 5272 :
898 5227 926 5274 et
947 5218 970 5274 sl
993 5219 1069 5292 plaga

280 5311 402 5369 alicunde
414 5311 553 5380 inferatur,
570 5324 623 5366 non
645 5310 742 5383 ubique
766 5311 796 5368 tlt
818 5322 1017 5372 nocumentum.
1040 5312 1070 5372 Si

280 5405 445 5462 enimsolum
457 5414 485 5462 et
497 5405 651 5463 continuum
664 5413 786 5473 osessct,
812 5406 837 5460 in
861 5420 940 5462 unam
966 5414 1069 5478 partem

279 5499 367 5556 dolata
389 5499 464 5572 plaga
484 5508 567 5557 totum
581 5499 694 5556 laesisset
706 5517 714 5569 ;
742 5514 814 5557 rrunc
837 5509 925 5558 autem
953 5517 1014 5560 cnm
1042 5505 1069 5560 in

279 5592 361 5647 muita
384 5592 498 5650 diuisum
522 5593 567 5660 sit,
588 5593 639 5648 boc
663 5593 783 5650 llerinon
796 5603 895 5666 posset.
917 5597 973 5652 litai
995 5597 1068 5654 enim

280 5697 361 5741 urrant
375 5693 477 5756 partem
491 5686 622 5742 vulnerari
636 5686 749 5756 accidat,
770 5702 801 5746 os
815 5703 893 5747 secus
911 5689 983 5746 illam
1004 5704 1067 5764 par·

279 5785 332 5833 tetur
354 5776 433 5834 situm
456 5775 560 5833 laeditur
572 5779 671 5848 solum,
686 5781 788 5854 reliqua
798 5797 862 5844 uero
874 5790 967 5841 cuncta
979 5797 1069 5841 rema·

637 309 666 368 s.
684 305 823 367 torums
840 273 1081 362 cunusosrom
1100 293 1260 356 necuter.
1278 287 1544 351 ocusrtuunor.

1866 285 1921 344 tat

1129 419 1193 469 nent
1206 410 1299 476 illesa,
1315 409 1400 481 plagae
1423 407 1642 464 continuitateea
1664 403 1766 462 ossium
1788 402 1921 463 diuisione

1127 503 1231 562 sublata
1241 543 1249 571 ,
1261 517 1312 558 nec
1323 502 1350 558 in
1360 500 1509 575 pmximam
1521 498 1630 557 extendi
1643 498 1759 554 valente.
1774 496 1920 568 Propterea

1128 609 1163 652 ex
1173 596 1263 651 multis
1273 594 1356 666 ipsius
1367 601 1490 665 tegumen
1502 591 1607 649 ossibus
1617 590 1688 647 Deus
1700 589 1870 659 composuit:
1892 595 1922 645 et

1128 689 1197 746 siout
1210 687 1319 744 domum
1332 686 1428 758 aliquis
1440 684 1586 754 aediticans,
1602 690 1702 740 tectum
1712 689 1741 738 et
1752 680 1856 752 tegulm
1870 693 1919 736 su-

1129 781 1252 854 perponit
1266 795 1274 836 :
1291 780 1423 851 sic‘supra
1434 788 1517 850 eaput
1529 778 1600 834 Deus
1612 790 1675 833 ossa
1686 774 1784 831 locarit
1796 780 1825 830 11
1837 772 1922 842 capil-

1128 875 1169 932 los
1181 874 1243 931 leeit
1255 872 1417 946 germinare,
1441 880 1472 926 ut
1487 867 1705 942 proquibusdam
1717 864 1816 937 galeris
1841 863 1921 933 capiti

1127 971 1228 1020 essent.
1243 964 1298 1019 lloc
1307 964 1396 1034 ipsum
1405 959 1559 1034 proiectoet
1573 959 1601 1015 in
1613 957 1695 1015 corde
1705 956 1778 1013 lecit.
1787 954 1920 1025 Quoniam

1128 1057 1199 1113 enim
1214 1071 1262 1112 cor
1285 1055 1468 1112 membrorum
1488 1061 1641 1110 nostrorum
1669 1048 1922 1123 principalissimum

1128 1147 1676 1217 111111111111111111111111111111111
1690 1145 1742 1218 ipsi
1763 1142 1871 1208 tradita,
1890 1152 1920 1200 11

1128 1239 1189 1312 ipso
1200 1241 1450 1313 quomodocumque
1463 1254 1590 1311 percusso
1602 1253 1678 1297 mors
1690 1237 1798 1305 accidit,
1825 1236 1921 1294 solidis

1127 1341 1156 1389 et
1167 1331 1242 1390 (11111
1253 1333 1360 1389 ossibus
1385 1332 1437 1388 boc
1450 1332 1568 1404 undique
1590 1327 1815 1400 circummunirit,
1827 1338 1856 1388 et
1876 1345 1922 1402 pe·

1127 1429 1210 1486 ctorls
1223 1428 1409 1500 prominentis
1420 1437 1448 1486 et
1466 1428 1533 1505 tergi
1550 1427 1666 1499 scapulis
1680 1427 1768 1498 ipsum
1789 1423 1923 1497 posterius

1129 1521 1252 1577 muniens
1266 1539 1274 1576 :
1288 1529 1316 1578 et
1326 1520 1398 1593 quod
1410 1520 1438 1577 in
1453 1519 1557 1577 cerebri
1570 1518 1734 1576 membranis
1756 1517 1829 1586 lecit,
1842 1525 1871 1574 et
1895 1516 1923 1573 in

1129 1614 1258 1672 bocidem
1272 1613 1372 1670 laetum
1382 1621 1433 1671 est.
1447 1612 1489 1670 tid
1503 1613 1555 1668 boc
1565 1611 1638 1668 enim
1662 1626 1698 1668 ue
1711 1610 1864 1682 irequenter
1875 1622 1922 1666 sa·

1129 1707 1210 1774 ileos,
1223 1715 1251 1764 11
1264 1707 1341 1765 inira
1352 1705 1558 1779 huiusmodiqoe
1569 1704 1687 1762 motibus
1707 1703 1851 1776 palpitans,
1874 1716 1922 1758 os·

1129 1799 1200 1856 sium
1214 1799 1351 1872 asperitati
1370 1798 1598 1856 circumstantium
1621 1793 1744 1868 iossigeos
1767 1801 1922 1852 conteratur

1128 1901 1157 1950 et
1165 1893 1263 1958 doleat,
1276 1892 1374 1948 multas
1385 1899 1414 1948 et
1422 1891 1459 1948 ibi
1470 1889 1640 1946 membranas
1651 1886 1797 1955 subtendit‚
1808 1895 1840 1946 et
1858 1884 1922 1958 pol·

1129 2002 1237 2044 morrena
1248 1987 1399 2059 supposuit,
1414 1984 1486 2044 reiut
1497 1983 1579 2040 molle
1591 1980 1726 2054 quoddam
1745 1989 1858 2038 stratum
1878 1979 1921 2050 ip·

1128 2079 1185 2136 sius
1198 2077 1309 2135 saltibus
1320 2084 1509 2150 apponens,ut
1527 2074 1637 2146 impune
1651 2087 1797 2145 mumpeus
1818 2087 1853 2129 ea
1870 2070 1922 2128 bos

1131 2173 1197 2230 nibil
1212 2172 1323 2228 noxium
1336 2171 1462 2243 patiatur.
1485 2168 1519 2225 111
1531 2165 1596 2239 quid
1618 2166 1680 2224 dico
1703 2166 1739 2224 dc
1761 2163 1874 2222 cerebro
1894 2168 1922 2220 ei

1129 2265 1221 2333 corde,
1236 2279 1296 2320 com
1307 2264 1397 2334 utique
1407 2262 1430 2318 si
1444 2261 1506 2334 quis
1515 2260 1559 2317 rel
1570 2258 1679 2332 deipsis
1690 2258 1823 2331 unguibus
1844 2257 1921 2316 inre·

1129 2357 1209 2430 stiget
1221 2357 1331 2412 multarn
1341 2363 1370 2412 et
1384 2355 1412 2410 iu
1433 2353 1476 2410 bis
1490 2351 1538 2408 liei
1551 2349 1710 2423 sapientiam
1729 2349 1821 2408 uideat
1840 2362 1921 2422 appa·

1129 2459 1243 2516 rentem,
1259 2456 1316 2504 tum
1330 2461 1363 2502 ca
1378 2447 1498 2518 ipsorum
1510 2443 1607 2513 lorma,
1618 2452 1675 2500 tum
1684 2458 1719 2500 ea
1731 2440 1879 2499 substantia
1892 2447 1921 2502 et

1129 2541 1204 2599 situl
1216 2539 1326 2597 licebat
1338 2540 1438 2605 dicere,
1452 2553 1536 2611 quare
1557 2545 1585 2594 et
1602 2534 1784 2610 magnitudine
1804 2535 1920 2608 impares

1128 2633 1207 2691 nobis
1218 2632 1293 2705 digiti
1305 2633 1369 2701 sint,
1381 2641 1410 2689 et
1421 2631 1505 2688 multa
1517 2631 1569 2687 alia
1591 2629 1634 2686 bis
1646 2629 1753 2702 .plura;
1771 2627 1820 2686 sed
1843 2627 1920 2685 suill-

1128 2727 1231 2784 cienter
1239 2741 1272 2783 ea
1286 2725 1366 2783 dictis
1379 2723 1518 2781 attendere
1529 2720 1680 2780 solentibus
1691 2719 1823 2778 creatoris
1834 2719 1920 2778 111111

1129 2819 1258 2891 sapientia
1270 2817 1318 2874 llei
1331 2817 1464 2891 relolget:
1478 2822 1617 2888 propterea
1630 2822 1734 2887 partem
1751 2811 1821 2869 bane
1843 2810 1919 2868 labo·

1127 2911 1207 2970 rlosis
1229 2911 1382 2984 relinquens
1407 2908 1597 2982 exquirendam
1629 2920 1691 2965 curo
1718 2904 1854 2978 diligentia
1885 2903 1919 2964 ad

1127 3004 1208 3062 aliam
1220 3012 1364 3061 convertar
1376 3002 1583 3074 oppositionem.

1164 3098 1192 3153 l.
1208 3095 1292 3152 llorm
1304 3095 1457 3152 orrirnolidrra
1470 3092 1586 3150 omnibns
1612 3099 1726 3164 prestat,
1741 3091 1920 3162 quomodo.—

1127 3187 1202 3245 ilulti
1216 3202 1331 3258 namque
1345 3195 1443 3257 praeter
1456 3183 1529 3242 dicta
1549 3192 1578 3241 et
1599 3181 1664 3241 illud
1684 3179 1841 3254 opponente
1855 3180 1919 3253 quid

1127 3278 1234 3336 1111111
1249 3279 1271 3334 11
1286 3277 1424 3334 brutorum
1438 3291 1487 3334 rex
1498 3274 1637 3343 cstbomo,
1652 3282 1680 3330 et
1691 3273 1789 3331 robore
1801 3281 1830 3330 11
1837 3273 1918 3345 agili·

1127 3379 1223 3429 tateet
1242 3369 1379 3427 celeritate
1402 3367 1487 3426 multo
1513 3368 1600 3440 ipsum
1620 3375 1749 3439 superant
1771 3364 1919 3422 animalia!

1126 3463 1226 3520 etenim
1238 3461 1349 3518 bomine
1358 3459 1476 3518 uelocior
1488 3473 1575 3532 equus
1598 3469 1627 3515 et
1639 3457 1796 3516 tolerantior
1807 3456 1869 3526 bos,
1879 3465 1918 3536 ⁴et

1126 3552 1211 3612 levior
1221 3552 1323 3624 aquila,
1337 3549 1469 3608 etlortior
1482 3550 1536 3608 leo.
1549 3547 1618 3619 Quid
1637 3547 1718 3621 igitur
1734 3547 1769 3604 ad
1791 3547 1851 3604 bace
1874 3546 1918 3602 di-

1125 3662 1190 3706 cere
1201 3644 1366 3718 1111111111
1379 3642 1457 3712 Quod
1470 3651 1498 3700 et
1518 3643 1581 3698 binc
1600 3641 1716 3699 marimo
1740 3639 1789 3697 liei
1812 3639 1918 3712 sapien-

1125 3741 1191 3798 tiam
1208 3738 1405 3811 cognoscimus,
1421 3745 1449 3793 et
1470 3735 1602 3794 bonorem
1620 3749 1674 3807 quo
1696 3747 1747 3790 nos
1766 3731 1917 3790 decorarit.

1125 3829 1251 3888 velocior
1264 3829 1362 3902 quippe
1374 3842 1459 3900 equus
1467 3836 1510 3884 est
1521 3826 1643 3892 bomine,
1656 3823 1704 3882 sed
1718 3824 1752 3887 ad
1762 3824 1919 3897 peregrina·

1125 3923 1206 3982 tionis
1230 3922 1399 3979 uelocitatem
1422 3933 1493 3992 equo
1513 3916 1681 3976 commodior
1703 3915 1794 3972 bomo.
1824 3915 1918 3987 Equus

1124 4031 1232 4089 nempe,
1251 4014 1372 4088 quamvis
1383 4012 1502 4070 omnium
1514 4009 1698 4069 velocissimus
1709 4016 1737 4065 et
1755 4007 1918 4064 fortissimus

1123 4112 1169 4180 sit,
1183 4111 1226 4168 ris
1235 4109 1349 4167 ducenta
1362 4106 1447 4164 stadia
1460 4120 1515 4163 nno
1527 4104 1572 4162 die
1589 4111 1696 4171 curret;
1722 4102 1803 4159 homo
1813 4088 1917 4159 ‘autem

1124 4206 1223 4264 multos
1235 4219 1269 4263 es
1277 4202 1448 4262 successione
1465 4213 1549 4272 equos
1571 4197 1605 4256 ad
1626 4213 1734 4256 currum
1753 4196 1869 4270 iungens
1887 4203 1918 4252 et

1124 4297 1335 4357 duostadiomm
1356 4292 1439 4351 millia
1459 4290 1586 4362 expedire
1603 4289 1711 4361 poterit.
1731 4287 1824 4360 ltaque
1843 4285 1916 4359 quod

1123 4391 1163 4448 illi
1177 4389 1316 4455 uelocitas,
1326 4386 1391 4444 boio
1401 4384 1470 4442 ratio
1484 4391 1512 4441 ct
1524 4397 1570 4440 ars
1580 4397 1642 4441 cum
1654 4381 1750 4453 majori
1763 4380 1858 4437 tribuit
1868 4395 1916 4436 su-

1125 4478 1464 4555 perabaodontiarettaua
1478 4475 1585 4532 reloces
1596 4473 1702 4548 quidem
1723 4472 1805 4545 pedes
1832 4470 1916 4530 bonno

1124 4592 1179 4633 nou
1199 4573 1373 4644 babctquam
1389 4571 1444 4639 ille,
1469 4569 1550 4626 babet
1575 4583 1639 4625 nero
1661 4567 1744 4640 pedes
1765 4565 1835 4623 iilius
1859 4579 1915 4624 uon

1123 4669 1213 4727 minus
1224 4681 1305 4740 quam
1317 4679 1382 4722 suos
1388 4663 1447 4720 sibi
1460 4662 1653 4720 ministrantes.
1677 4661 1820 4721 Bmtorum
1841 4659 1915 4716 euim

1122 4761 1224 4818 nullum
1236 4755 1335 4814 11111111
1347 4754 1419 4812 aliud
1431 4753 1465 4812 ad
1478 4769 1555 4810 usum
1568 4767 1646 4810 suum
1668 4752 1810 4825 subjugare
1833 4758 1915 4822 pote·

1123 4855 1180 4922 rit,
1194 4852 1277 4910 bomo
1291 4858 1381 4907 autem
1395 4847 1486 4905 omnia
1506 4843 1668 4918 aggredimr,
1691 4851 1720 4899 et
1740 4859 1788 4915 per
1811 4843 1915 4900 variam

1121 4941 1304 5004 1111111111
1322 4939 1373 4996 sibi
1398 4937 1531 5004 traditam,
1557 4933 1591 4991 ad
1615 4948 1694 4990 usuro
1722 4933 1774 4990 sibi
1796 4935 1915 4994 maxime

1122 5036 1325 5096 convenientem
1344 5030 1497 5086 animalium
1517 5025 1641 5100 quodque
1662 5024 1769 5097 subigit.
1792 5025 1821 5082 Si
1847 5043 1914 5086 nero

1123 5137 1178 5187 tam
1191 5128 1274 5184 lortes
1288 5122 1425 5180 bominum
1437 5119 1519 5193 pedes
1531 5133 1611 5190 quam
1623 5132 1753 5190 equorum
1779 5115 1912 5185 luisscnt;

1121 5220 1156 5277 ad
1167 5219 1220 5277 alia
1228 5217 1341 5274 luissent
1350 5213 1468 5282 inutiles,
1488 5210 1524 5268 ad
1547 5211 1667 5268 locorum
1690 5210 1862 5268 drldcultates
1885 5218 1914 5269 ct

1121 5311 1252 5368 montium
1270 5309 1384 5364 vertices
1395 5313 1423 5363 11
1441 5305 1567 5362 arborum
1591 5303 1786 5382 ascensiones:
1814 5301 1913 5374 ungula

1121 5405 1193 5463 enim
1206 5402 1241 5459 ad
1253 5401 1314 5456 talia
1325 5412 1434 5472 gressus
1442 5395 1571 5468 impedire
1583 5392 1662 5454 solet.
1674 5391 1767 5466 ltaque
1777 5393 1828 5450 etsi
1841 5394 1912 5450 mol-

1121 5498 1202 5556 liores
1213 5495 1333 5566 ipsorum
1346 5491 1438 5563 pedes,
1451 5499 1539 5547 111111
1553 5488 1673 5560 pluribus
1686 5487 1829 5561 opportuni
1843 5495 1908 5543 sunt

1120 5591 1288 5659 utilitatibus,
1310 5598 1339 5646 ot
1360 5587 1426 5643 niltil
1447 5600 1482 5642 ea
1507 5584 1659 5641 infirmitate
1679 5581 1822 5660 lmduntur,
1850 5581 1913 5654 equi

1120 5693 1219 5746 uirtute
1232 5685 1282 5743 sibi
1296 5683 1437 5749 serviente,
1453 5687 1482 5736 et
1495 5693 1542 5750 per
1555 5691 1661 5749 gressus
1684 5675 1814 5731 uarietate
1838 5687 1912 5744 prae·

1119 5781 1229 5840 collum.
1241 5779 1354 5837 liursum
1368 5785 1412 5835 est
1422 5775 1518 5851 aquile
1532 5770 1617 5833 levior
1636 5769 1690 5838 ala,
1703 5767 1751 5826 sed
1779 5774 1819 5828 est
1845 5763 1912 5822 mibi
