4142 6342
189 345 244 413 Ν
779 386 784 397 .
829 346 875 405 DE
891 345 1107 410 ilbOEAliAEid.
1128 349 1175 407 itt.
1782 336 1836 411 Μ

188 470 252 529 estc
263 458 381 538 pennu
395 460 500 530 mauis,
513 458 639 535 qnodque
658 457 865 536 precedentium
884 456 986 530 mooli*
1039 453 1099 521 illus
1110 469 1174 521 suoi
1187 480 1249 523 essu
1269 466 1410 538 mutuos,
1426 480 1478 523 nun
1493 474 1602 538 propter
1619 464 1847 537 samunungun,

190 554 263 610 cium
278 552 345 609 nibil
357 551 525 627 profecisset.
1041 558 1152 624 tionem,
1172 557 1221 614 sed
1240 558 1465 631 muletans
1476 560 1718 618 communionem:
1739 554 1790 615 nim
1806 566 1838 619 ed

226 644 255 699 d.
272 643 336 701 llaec
353 644 445 702 omnia
459 658 552 702 secum
565 652 781 710 menteumsnnt
789 642 989 713 momentu
1039 650 1129 721 gum
1151 658 1357 720 mmmmm,
1380 652 1428 709 sed
1451 652 1536 711 laceat
1555 652 1701 725 nuptialem
1722 666 1837 709 corruere

190 738 353 812 supplicium
365 738 486 811 mittum
502 730 624 807 immisit,
637 753 671 801 eu
683 754 738 811 quo
751 737 871 819 effugere
883 753 939 800 uua
952 739 988 797 ii·
1039 740 1306 800 centumcentur
1325 742 1363 799 ita
1385 752 1480 811 mater,
1503 758 1563 819 quse
1582 744 1652 802 llius
1676 742 1711 801 ud
1730 744 1838 816 nuptiae

191 832 282 901 cenat,
295 841 323 890 et
343 841 478 903 tumqnnam
498 831 526 891 tu
544 831 653 891 laticum
664 831 821 903 trigtdomn
840 830 989 899 mummia
1040 842 1163 903 ererum,
1186 832 1498 903 numquidnum
1516 845 1641 907 cerneret
1658 838 1838 901 erennclntos.

173 925 297 989 tlebetes
309 939 432 999 precere
453 924 603 993 desiliebm,
627 923 748 983 diuinum
769 923 907 985 usnemu
928 923 989 991 illos
1041 923 1190 995 gaudebatc
1203 925 1320 997 etquusl
1336 925 1409 985 hune
1432 928 1501 985 stola
1519 930 1638 1000 sponsali
1651 929 1782 996 ammirei,
1797 928 1840 987 llll

193 1016 350 1075 existimans
370 1024 398 1081 tt
420 1014 592 1089 baptismum·
614 1016 688 1075 Sicut
708 1015 780 1077 euim
803 1014 989 1087 nannenus
1017 1036 1020 1040 ·
1041 1024 1298 1086 eoronaansctoret,
1313 1017 1392 1076 alteri
1411 1020 1545 1079 titulumne
1565 1021 1700 1093 nuptiales
1711 1022 1839 1094 erigeret,

194 1118 319 1177 uruntur,
333 1108 437 1179 scipsos
458 1108 486 1166 in
512 1108 598 1166 boum
623 1106 779 1181 inigidunmn
792 1121 921 1179 aquatum
938 1106 991 1168 imv
1042 1113 1078 1171 ita
1092 1114 1164 1171 hunno
1176 1113 1211 1171 ad
1224 1112 1337 1184 nima,
1349 1113 1426 1171 iiluna
1447 1116 1481 1171 ud
1503 1118 1652 1189 cartugines
1674 1127 1839 1185 currentem,

195 1202 313 1272 minum,
326 1202 366 1262 sic
378 1203 427 1261 ille
438 1200 552 1264 lustrum
563 1202 698 1264 desiderio
709 1202 834 1265 lucdunum
853 1201 989 1267 niumm
1041 1206 1124 1265 alium
1145 1206 1234 1279 eaplts
1256 1214 1407 1265 munuum
1429 1219 1490 1265 enm
1511 1212 1654 1278 muneret,
1678 1208 1839 1267 similabat.

198 1295 358 1367 mppttutun
372 1309 403 1353 se
415 1294 535 1356 immicis
922 1342 927 1349 .
1042 1298 1138 1359 omniu
1148 1308 1205 1357 tum
1218 1298 1293 1357 tuno
1305 1298 1453 1373 altioreque
1466 1299 1660 1369 redundabant,
1674 1314 1707 1357 ae
1718 1301 1842 1359 sensibus
1898 1328 1904 1340 ·

233 1387 380 1463 tmpiipicm
397 1396 422 1443 et
442 1387 531 1445 iaudat
544 1403 693 1461 generosum
705 1387 794 1446 miris
806 1387 930 1445 1111111111.
943 1384 991 1445 Si·
1043 1392 1168 1450 omninum
1190 1391 1289 1449 lituu
1310 1406 1375 1449 snos
1387 1392 1572 1464 experimento
1586 1392 1777 1465 cognoscebat,
1793 1405 1843 1463 per

196 1480 340 1538 su'iituciine
357 1480 489 1555 rreopuio
501 1480 579 1538 duem
599 1496 652 1538 rem
664 1478 993 1551 dionem-nujuureoat
1043 1484 1137 1543 oculos
1150 1496 1199 1543 eos
1215 1484 1332 1550 intuens,
1344 1498 1393 1554 per
1403 1498 1484 1541 aures
1501 1484 1582 1541 rerba
1595 1483 1755 1549 erundlens,
1776 1481 1843 1553 lpalt

197 1571 449 1634 eteoimtutiooam
470 1576 573 1641 1111111,
593 1587 646 1630 noo
660 1572 733 1644 quod
752 1571 797 1630 iila
807 1570 993 1637 cohortatione
1045 1577 1154 1636 nuribus
1175 1574 1277 1634 loreum
1297 1574 1372 1633 illum
1386 1576 1506 1633 mnrium
1525 1588 1635 1633 murem
1657 1584 1685 1632 et
1705 1576 1844 1631 tusmrem

197 1663 338 1735 indigeret,
357 1642 406 1719 sed
428 1672 572 1743 ntrnrsnu
592 1662 711 1721 mulieris
730 1661 912 1721 loctitudlnem
933 1658 992 1719 uni·

198 1755 360 1814 maduertas.
371 1755 473 1812 Nullius
485 1757 556 1813 enim
569 1766 673 1829 septem
686 1756 831 1815 llberomm
842 1769 922 1813 causo
936 1769 993 1811 ma-

194 1835 276 1907 terno
284 1848 381 1907 uilectn
390 1858 524 1907 commota
533 1859 591 1908 cst:
603 1850 730 1909 imorem
740 1847 994 1921 insiuguinatteetu

198 1950 322 1999 materno
332 1951 464 1999 commuta
477 1952 536 1999 est:
550 1957 604 1999 non
616 1943 688 2003 enim
700 1941 767 1999 dixit
779 1940 850 2013 apud
863 1956 911 1997 se:
925 1940 994 2010 Quid

198 2035 251 2091 lnoe
265 2034 373 2094 tandem
389 2034 430 2092 rei
444 2036 504 2092 estl
515 2034 642 2106 abreptus
656 2042 698 2091 est
712 2033 778 2091 milui
800 2032 914 2089 illiorum
927 2032 994 2089 ciro-

199 2143 257 2195 rus.
270 2128 313 2185 nic
326 2127 469 2188 derelictus
479 2137 521 2189 est
532 2128 627 2190 tolus:
649 2129 676 2185 ln
696 2129 746 2185 luc
765 2142 817 2201 ago
833 2127 869 2185 da
880 2127 996 2186 orbitate

201 2223 350 2295 periclitor;
366 2222 427 2295 quis
437 2238 482 2279 me
492 2223 522 2280 iu
538 2234 674 2297 pormmm
686 2222 742 2283 alet
753 2223 781 2279 lu
794 2230 948 2289 seneetme,
971 2220 996 2278 si

200 2316 246 2378 liic
258 2315 373 2377 nonnul
391 2333 445 2377 nun
466 2318 538 2377 enim
556 2316 623 2375 utin
643 2316 779 2378 dimidium
801 2323 905 2387 partem
918 2312 997 2373 erbi-

199 2406 292 2467 nutus
304 2409 448 2478 causent.
461 2408 542 2467 autel
556 2408 644 2470 minus
658 2418 760 2479 mrtem
770 2406 918 2471 dimidiam.
929 2405 996 2466 dunt

199 2510 303 2573 panes,
317 2499 370 2559 nisi
381 2508 409 2557 et
421 2516 484 2571 eum
495 2500 542 2573 qni
554 2500 620 2560 nint
640 2500 715 2558 solus
727 2499 761 2556 ad
773 2499 919 2559 muneotmis
929 2512 996 2554 cou-

200 2592 361 2652 solationenu
383 2592 529 2658 derelictus
550 2601 602 2661 est,
625 2592 712 2665 ipsum
725 2592 805 2651 etiam
820 2588 998 2664 1111111111ῇί-

201 2685 373 2745 cuminum
395 2686 490 2745 borum
506 2684 573 2747 dtus
583 2694 631 2742 ant
642 2684 777 2755 ccultant,
790 2682 839 2743 ted
848 2683 924 2755 quasi
937 2696 996 2738 ma·

202 2778 281 2837 nibus
288 2778 472 2838 cononandus
480 2777 623 2838 uerborum
635 2777 664 2838 in
673 2777 757 2835 altrum
766 2776 900 2834 sublatum
911 2774 996 2834 tilium

203 2869 230 2927 in
254 2869 369 2928 lebetem
383 2870 501 2928 immisit.
515 2869 600 2931 mun
613 2870 736 2937 landant,
749 2867 821 2941 quod
836 2876 920 2929 totum
934 2883 998 2934 veq-

204 2960 253 3017 tris
265 2961 308 3016 sni
329 2959 446 3021 fructum
468 2970 652 3036 acceptasset,
670 2961 827 3031 nullumque
839 2959 996 3031 respuisset,

203 3068 296 3110 rerum
310 3055 400 3114 omniu
412 3054 553 3114 exactore
565 3069 644 3130 poma
655 3052 849 3125 decerpsisset:
861 3053 897 3109 ltu
910 3061 940 3110 nt
950 3068 998 3114 au·

204 3145 297 3203 ducier
310 3145 401 3204 dicere
411 3147 511 3220 possim
523 3136 648 3217 crurium
666 3144 728 3208 liliis
743 3159 804 3203 eam
816 3158 877 3204 csse
892 3157 999 3215 perper-

204 3252 273 3296 sam.
288 3238 355 3297 liam
368 3240 422 3302 illis
443 3239 551 3315 quidem
571 3254 634 3311 pars
647 3238 734 3313 major
754 3237 855 3295 doloris
869 3234 896 3295 e't
915 3236 999 3308 animi

204 3329 348 3402 deliquium
362 3331 564 3399 succidendum
580 3331 639 3409 dccc
650 3346 715 3389 vero
726 3330 829 3404 iniecta
847 3339 937 3390 mente
955 3331 1000 3404 ju·

205 3421 328 3494 dicioqne
354 3423 438 3479 illmso
466 3425 597 3481 veriorem
617 3438 721 3491 corum,
745 3439 805 3494 qne
825 3423 998 3495 gerebantur,

205 3528 313 3570 sensnm
327 3514 363 3571 ob
382 3525 504 3571 naturam
525 3516 656 3587 capiebat.
680 3516 719 3573 ne
732 3515 822 3571 ridere
834 3523 892 3571 erat
910 3516 999 3587 ignem

206 3607 337 3681 triplicem
352 3626 358 3664 :
374 3622 454 3679 quem
469 3609 514 3666 ille
532 3618 662 3682 tyrannus
674 3609 848 3679 accendebat,
859 3626 938 3683 quem
950 3626 999 3674 er·

206 3700 933 3779 eitabntnatnra,qnemSpiritussanctnsinllammabat.
942 3701 999 3760 Non

208 3793 289 3849 talum
307 3793 468 3865 Babylonius
490 3804 618 3875 tyramnis
643 3794 687 3851 ille
709 3794 846 3851 luruocem
866 3794 998 3864 accendit,

207 3883 437 3961 (llun.·d),qnalem
445 3884 716 3942 matnllornacemlnic
725 3885 1000 3955 tyrannnsaccendit:

207 3991 268 4033 narn
296 3975 351 4032 illic
374 3977 482 4047 quidem
507 3978 576 4049 ignis
597 3976 683 4036 lomes
707 3986 765 4038 emt
787 3977 915 4052 nephins,
941 3978 997 4053 qiu,

206 4077 311 4139 stuppa,
327 4077 507 4136 sarmentum;
522 4069 565 4124 hic
578 4054 646 4125 vero'
656 4079 761 4135 natura,
774 4069 882 4125 dolores
897 4078 999 4139 pmtns,

207 4159 352 4215 liberorum
378 4174 464 4229 umor,
485 4174 628 4231 puerorum
648 4158 802 4221 concordio·
824 4158 885 4223 nun
902 4160 939 4219 tn
961 4158 1001 4226 ild

204 4252 325 4322 jacentes
336 4254 362 4307 lo
378 4252 438 4325 igne
450 4253 607 4320 urebantur,
623 4262 702 4322 atque
718 4251 775 4308 haec
787 4251 823 4307 ob
832 4266 951 4308 umorem
966 4252 999 4309 ii·

207 4344 332 4401 berorum
347 4344 484 4413 urebatur,
499 4344 547 4402 sed
562 4344 597 4401 ob
614 4345 741 4415 pietatem
756 4344 896 4412 vincebam
910 4355 937 4401 et
951 4358 1000 4400 na-

188 4446 266 4523 ..tura
279 4438 439 4508 auur-gratia
451 4440 601 4511 pugnabat.
615 4449 643 4493 et
657 4437 795 4502 rictuciam
807 4438 895 4510 gratia
908 4453 1002 4513 repor-

206 4528 301 4591 tabat:
315 4529 411 4603 religio
424 4539 573 4588 maternum
585 4529 709 4587 allectum
721 4530 877 4605 superabat,
890 4540 918 4589 et
931 4530 1001 4605 iguis

206 4624 297 4695 iguem
308 4623 443 4693 1111111111,
456 4624 603 4699 spiritualis
615 4625 774 4695 naturalem,
789 4640 869 4697 quem
882 4623 1001 4684 crudeli·

1045 1668 1202 1739 excipiens:
1221 1668 1361 1725 insuavem
1381 1666 1489 1739 quidum
1509 1666 1672 1733 lnddelibns,
1697 1667 1755 1723 lteo
1779 1674 1845 1722 vera

1045 1760 1150 1833 ipsique
1162 1761 1282 1819 omniurn
1295 1759 1503 1827 assummum:
1518 1758 1620 1817 inmune
1640 1758 1727 1827 illum,
1737 1759 1784 1831 qni
1798 1767 1846 1814 aei

1046 1868 1103 1911 rem
1116 1852 1224 1924 quidem
1238 1849 1340 1920 inclusit,
1357 1852 1478 1909 mulieris
1490 1860 1579 1910 numm
1601 1862 1722 1910 menum
1732 1866 1786 1908 nnn
1800 1850 1844 1907 ln·

1047 1941 1119 2002 lecit.
1133 1942 1227 1999 sunu
1238 1942 1310 2001 suin
1323 1952 1451 2001 constans
1460 1952 1488 2001 st
1501 1942 1655 2011 immobilis,
1669 1942 1770 2009 ornain
1783 1948 1845 2013 que

1046 2034 1218 2107 gerebantur,
1240 2033 1372 2105 patienter
1386 2034 1487 2093 lemos.
1499 2034 1553 2093 bed
1566 2035 1622 2107 laun
1635 2042 1740 2105 ternpus
1751 2040 1803 2101 eat,
1816 2036 1847 2089 ut

1048 2124 1129 2183 linem
1143 2124 1249 2186 dicendi
1271 2123 1481 2198 lucianusque
1495 2126 1617 2199 pluribus
1635 2125 1673 2183 illl
1691 2123 1814 2181 laudibus
1828 2136 1847 2181 a

1047 2215 1546 2291 communidoctore(r)ciimulctttur.
1853 2276 1856 2292 ,

1085 2309 1193 2370 diosmis
1212 2310 1354 2369 altmtutio
1368 2310 1403 2367 uui
1420 2310 1585 2369 immam
1594 2310 1695 2367 uun.
1712 2338 1751 2355 -
1766 2308 1843 2365 liuns
1855 2302 1869 2351 Ἃ

1048 2404 1188 2463 imitemur
1198 2412 1298 2476 pune.
1313 2402 1581 2463 aenntumurnanes
1591 2445 1601 2474 ,
1613 2401 1779 2461 etmullems
1793 2442 1802 2469 ,
1815 2406 1845 2459 et

1048 2495 1099 2553 riri
1110 2513 1118 2565 ς
1131 2498 1177 2569 qni
1191 2497 1219 2555 in
1233 2496 1386 2568 virginitate
1408 2496 1511 2565 uiuunt,
1533 2504 1562 2553 at
1583 2496 1629 2569 qui
1645 2494 1732 2553 neela
1753 2490 1848 2553 annu

1049 2597 1123 2657 suunt,
1146 2600 1174 2647 et
1199 2589 1245 2661 qui
1260 2590 1398 2661 nrquttnu
1419 2590 1544 2648 exornati
1559 2607 1566 2643 ε
1581 2587 1753 2661 quantumuis
1771 2588 1847 2643 muira

1049 2691 1185 2739 austerum
1207 2681 1338 2742 lucrinus
1352 2682 1434 2741 titum
1458 2681 1579 2753 amplexi
1596 2679 1845 2752 upattesupniau,

1050 2776 1171 2833 mulieris
1190 2775 1360 2847 pbilosophis
1372 2775 1542 2834 tolerantiam
1563 2782 1684 2831 nostran
1698 2770 1845 2830 antwedlt·

1048 2866 1144 2925 ilnllm
1158 2866 1241 2938 igitur
1252 2880 1356 2935 mcum,
1371 2866 1417 2938 qni
1429 2865 1463 2926 ud
1475 2879 1609 2925 summam
1620 2862 1802 2921 tortitudinem
1812 2874 1846 2921 as

1051 2960 1206 3033 patientium
1217 2958 1544 3031 purumntnciudtpnun
1553 2957 1687 3017 oxminsi
1696 2953 1848 3015 coniectu

1050 3052 1127 3112 senio
1137 3051 1278 3109 mullerem
1292 3051 1343 3113 tibi
1359 3051 1515 3123 mugismmn
1527 3049 1701 3115 swuster
1725 3046 1774 3105 uod
1788 3061 1847 3111 otu

1051 3159 1111 3205 mes
1121 3144 1200 3201 simul
1213 3158 1332 3211 oremus,
1345 3146 1391 3217 qui
1403 3143 1483 3205 urbes
1496 3142 1648 3204 insolitiset
1658 3140 1705 3213 qui
1715 3139 1847 3197 induo·

1052 3238 1263 3307 tnrecmnninic
1289 3238 1334 3309 qni
1348 3237 1528 3307 uirginitatem
1551 3236 1647 3303 colitis,
1669 3234 1847 3307 etquicastlt

1051 3330 1151 3405 nuptiis
1165 3329 1303 3403 roluigetit
1316 3330 1377 3402 ;qni
1391 3329 1484 3390 saculi
1497 3328 1577 3401 hujus
1588 3343 1633 3389 rur
1644 3342 1739 3387 omnes
1748 3342 1847 3399 asur·

1052 3422 1163 3489 numini,
1180 3429 1207 3482 et
1220 3435 1320 3493 corpus
1329 3421 1499 3480 crucilirittit
1514 3438 1522 3479 1
1535 3429 1564 3477 nt
1574 3420 1670 3479 eodem
1684 3432 1766 3479 cursu
1776 3432 1844 3477 eoas

1051 3510 1123 3572 lecto
1146 3511 1271 3571 [iduciam
1293 3512 1417 3571 eamdem
1440 3527 1520 3584 qnam
1535 3512 1593 3584 ipra
1619 3510 1848 3577 nonunquam

1052 3618 1136 3677 prope
1146 3604 1230 3677 ipsam
1241 3603 1268 3662 in
1283 3602 1327 3663 die
1339 3603 1384 3671 illu
1396 3602 1595 3673 consistamus,
1607 3610 1707 3661 munte
1720 3601 1846 3674 precibus

1053 3684 1112 3751 lreti
1126 3695 1238 3767 eiusque
1260 3692 1416 3761 liberorum,
1431 3705 1459 3751 et
1471 3694 1601 3767 Eleorum,
1619 3694 1664 3769 qui
1678 3694 1790 3750 chorum
1806 3691 1857 3775 ils

1053 3786 1108 3843 inm
1127 3786 1255 3863 expleuit,
1270 3786 1358 3860 magni
1369 3787 1546 3857 generosique
1560 3786 1643 3852 senis,
1656 3786 1701 3856 qui
1716 3783 1857 3839 uclciman·v

1053 3879 1137 3935 tinum
1151 3879 1269 3933 animum
1283 3876 1310 3932 in
1327 3876 1446 3933 aduersis
1461 3890 1515 3947 pne
1536 3886 1565 3932 se
1587 3876 1657 3932 tulit.
1673 3873 1701 3931 ld
1716 3887 1780 3931 sero
1794 3887 1846 3945 po·

1055 3970 1168 4033 terimus
1181 3969 1299 4041 assequi,
1316 3968 1338 4028 ti
1350 3982 1469 4031 mncum
1482 3968 1581 4023 sanctis
1592 3966 1697 4022 illorum
1712 3964 1847 4036 precibus,

1053 4061 1135 4119 edam
1151 4077 1212 4133 qum
1238 4068 1390 4116 nostrarum
1404 4067 1468 4115 sunt
1483 4058 1598 4129 portium
1612 4056 1783 4113 conteramus
1798 4095 1806 4122 ‚
1820 4060 1850 4111 et

1053 4165 1116 4221 unte
1136 4155 1205 4216 bella
1226 4168 1358 4225 natusque
1375 4151 1502 4209 adversor
1517 4150 1592 4223 pacis
1607 4160 1728 4220 tempore
1741 4156 1850 4221 pertor-

1054 4248 1175 4305 ltatlones
1196 4262 1256 4317 qnae
1274 4245 1301 4301 in
1321 4243 1397 4300 nobis
1412 4252 1475 4299 sunt
1493 4243 1643 4309 vincamus,
1654 4240 1848 4310 incompositos

1055 4337 1146 4395 menis
1157 4335 1273 4393 insultus
1287 4348 1499 4405 cornipescamns.
1513 4332 1696 4404 suggillemus,
1709 4338 1738 4387 et
1749 4331 1776 4385 ln
1791 4344 1850 4387 sen·

1054 4430 1166 4490 vitutem
1181 4442 1279 4501 corpus
1296 4426 1458 4499 1111111111.
1480 4423 1526 4487 sn
1536 4424 1609 4487 sulm
1629 4422 1684 4491 det,
1699 4431 1731 4479 ut
1746 4421 1805 4485 tina
1816 4421 1846 4477 in

1054 4536 1120 4596 pace
1132 4522 1214 4579 vitum
1229 4518 1408 4586 traducamus,
1425 4515 1578 4591 splendidas
1591 4514 1849 4593 nmumiornmcu·
1912 4568 1917 4575 .

1055 4631 1135 4673 nouus
1147 4614 1334 4679 obtineamusc
1347 4610 1414 4679 siue,
1428 4618 1458 4670 nt
1478 4610 1549 4675 idem
1561 4618 1698 4672 emtumcn
1709 4608 1851 4674 1111111111,

206 4724 251 4782 tas
272 4715 378 4788 tpnsui
390 4714 575 4775 succenderet.
599 4716 633 4774 lit
649 4715 718 4776 siem
732 4716 853 4776 marinus
864 4715 1001 4787 scopulus,
1054 4708 1172 4782 benigno
1195 4706 1253 4765 lico
1270 4708 1357 4768 nsum
1370 4704 1464 4773 suerii.
1477 4704 1627 4771 1111111111]
1641 4701 1727 4775 parati
1737 4702 1852 4763 dumn-

207 4810 254 4882 qni
275 4809 404 4867 flnctuum
431 4810 555 4867 incursus
573 4810 683 4881 excipit,
703 4812 761 4881 ipse
781 4809 889 4881 quidun
910 4816 1003 4869 mancat
1055 4800 1158 4868 dumus,
1173 4808 1200 4857 et
1215 4799 1332 4861 celestia
1346 4798 1415 4858 bona
1426 4810 1623 4874 consequamur
1636 4810 1644 4859 t
1657 4808 1719 4866 ittiae
1732 4804 1852 4859 d0⁵⁰⁸¹b

208 4902 364 4971 immobilis,
379 4902 540 4959 iliosantem
565 4902 592 4957 in
614 4917 736 4972 optumam
761 4900 906 4957 dissolutos
925 4898 1003 4955 incile
1056 4908 1104 4949 nes
1125 4888 1551 4961 utnbtinenmns,laritgratiaet
1572 4887 1722 4959 benignitas
1745 4880 1855 4940 Domini

204 4989 300 5052 lollii:
312 4993 352 5051 sic
365 4994 437 5052 illins
447 5009 552 5068 qnoque
564 4993 684 5049 mulieris
695 5010 742 5050 cor
756 5003 890 5064 tamquam
906 5006 1003 5062 scopu·
1056 4983 1141 5039 11111111
1157 4982 1220 5039 lesu
1230 4980 1341 5046 01111511,
1354 4994 1402 5051 liei
1413 4994 1494 5053 11111111
1506 4984 1605 5034 eloim
1617 4990 1671 5048 1110
1679 4974 1749 5030 Filii
1756 4972 1853 5043 tl⁰li³s

210 5088 252 5144 lus
263 5087 384 5144 marinus
402 5086 500 5145 fluctus
513 5088 648 5158 excipiens
661 5084 783 5142 dolorum
801 5085 934 5151 iucunus.
947 5084 1004 5153 ipsa
1057 5074 1181 5131 honorii
1196 5073 1413 5145 imperiumque
1427 5086 1488 5128 ⁰⁰¹¹!
1501 5078 1595 5125 ⁸³¹¹i³i⁰
1613 5066 1724 5138 Sillim·
1738 5071 1853 5121 111110οῑ

209 5179 317 5250 quidem
331 5180 429 5236 mansit
450 5181 571 5247 immota,
595 5178 643 5235 sed
664 5179 786 5235 incursus
808 5176 868 5234 illua
880 5174 958 5233 duma
976 5180 1005 5229 et
1058 5182 1175 5239 titillet,
1189 5174 1217 5227 bi
1228 5165 1254 5221 in
1270 5164 1366 5221 enema
1382 5163 1554 5221 taetttlorilssi·
1566 5162 1662 5215 nmen.

193 5259 195 5262 ’
210 5272 386 5343 philosophice
400 5272 477 5344 plena
487 5280 576 5329 mente
588 5270 719 5336 dissoluit.
732 5268 881 5341 ostendere
892 5278 1005 5344 tyranmq

209 5363 388 5422 contendebat
407 5379 438 5422 te
449 5380 515 5423 rese
524 5372 638 5422 matrem
661 5362 766 5420 illorum
777 5376 847 5430 esse,
861 5352 1006 5416 corellius
1092 5364 1129 5429 (a)
1145 5362 1423 5426 nunnunuunqunn.
1533 5420 1537 5429 Ι

213 5478 305 5491 ..,,
344 5479 357 5491 ,,
377 5475 454 5494 -.,
472 5476 492 5495 ,,
497 5450 1847 5498 ...ΝΜ

630 5468 633 5472 ’
660 5497 663 5501 ‘
691 5526 746 5600 m
771 5524 1003 5601 senones
1023 5517 1372 5598 nunonem.

928 5662 1140 5728 m

1062 5764 1111 5821 ius
1122 5760 1240 5821 debitam
1259 5770 1370 5829 operum
1383 5746 1655 5816 commendationem,
1667 5748 1696 5801 et
1715 5738 1853 5810 redactam

246 5868 324 5944 ,Sitit
334 5868 454 5931 Μ
465 5783 687 5951 ww:
701 5890 738 5905 -·
749 5859 818 5922 Cum
832 5868 860 5919 ol
873 5857 1002 5931 martyri·
1062 5859 1088 5917 in
1102 5855 1239 5925 augustias
1247 5846 1446 5915 multitudinem
1456 5842 1544 5915 iiiito,
1557 5854 1602 5907 uls
1615 5837 1695 5925 pigot.
1706 5834 1848 5919 ssuomroa,
