4142 6342
314 310 399 327 μ’*

111 359 161 422 70,
833 338 1023 399 aessens.
1119 288 1129 301 ’
1660 298 1662 305 ’
1699 340 1752 397 aas

108 474 412 550 linquerentiqerunt,
427 464 777 544 coniqendisriqihutiam,
792 460 903 517 maximi
958 463 1086 528 quantam
1107 468 1173 523 ros,
1198 454 1244 525 qui
1268 466 1317 525 pre
1336 450 1497 525 perturbatis
1514 452 1643 515 Ecclesiis
1665 464 1704 513 tot
1718 472 1752 515 ac

109 569 199 627 sonui
217 570 278 633 loeo
298 569 411 626 ducens.
433 565 572 640 Siquidem
585 563 613 620 id
626 576 680 619 non
693 556 823 617 mediocri
835 554 903 611 mihi
957 555 1032 603 tattta
1045 555 1073 603 et
1085 550 1173 603 lacere
1185 554 1213 603 et
1226 546 1328 618 perpeti
1342 546 1369 602 in
1380 548 1497 603 animum
1511 547 1663 619 induxistis,
1678 565 1751 608 mer-

109 662 287 721 consohtioni
300 663 360 731 tuit,
376 676 439 720 cum
456 660 520 717 illud
534 672 639 715 meeum
658 664 830 728 reputarem,
856 664 905 707 ros
958 638 1052 696 codem
1067 638 1202 743 accepturi
1215 639 1290 706 sitis,
1304 647 1457 713 tutumque
1471 655 1518 699 ros
1531 642 1698 717 egregiorum
1713 644 1753 701 la·

110 763 186 812 taam
198 754 339 812 intervallo
352 768 369 809 a
384 750 594 823 medisjun'ctos,
608 764 671 806 com
698 762 749 804 nec
774 760 819 802 me
843 758 905 799 nm-
958 731 1054 798 billum
1069 745 1177 802 llffflmi
1189 741 1324 788 mineth!-

109 861 190 919 qnam
203 846 346 914 vidissetis,
360 860 411 903 nee
434 860 450 901 a
475 860 521 902 me
541 844 593 901 risi
613 841 731 910 meede,
746 854 796 897 nee
822 836 906 894 ullum
1049 821 1559 899 01111·100101000010000101.
1574 830 1649 903 ibe.)

110 952 237 1009 „mquam
253 952 405 997 „monem
425 950 530 994 mm
549 934 907 1003 quqqfflqwefflmw.
995 914 1145 986 Numquam
1159 915 1235 973 robis
1248 917 1347 987 gratias
1362 917 1461 977 habere
1476 921 1684 981 intermittimus.
1699 924 1754 981 Etsi

109 1043 170 1085 mm
181 1029 328 1087 popm-um
342 1028 481 1101 qnpqqqqqe
498 1029 907 1099 fflfflwfflmnwmquannm
960 1009 1032 1067 enim
1052 1009 1149 1066 multas
1168 1009 1202 1065 ab
1224 1008 1345 1067 hostibus
1357 1011 1469 1083 injurias
1481 1014 1649 1085 accepimus,
1665 1024 1754 1073 tamen

110 1121 614 1195 parmamqummumefgm
626 1119 765 1175 mmm
776 1114 909 1172 oniensis.
960 1103 1104 1174 plurimum
1127 1102 1217 1159 anxilii
1238 1110 1319 1175 atque
1337 1103 1448 1161 subsidii
1471 1120 1487 1161 a
1507 1106 1598 1175 vobis,
1619 1108 1754 1180 inperitam

110 1214 215 1283 emmo
227 1212 621 1273 ,flammamqqcpuqqnqs
630 1210 811 1282 magnitudine
821 1218 909 1281 9212„-
961 1194 1121 1263 raritatem,
1142 1194 1272 1250 sinceram
1289 1194 1480 1253 humanitatem
1492 1238 1500 1265 ,
1514 1197 1757 1258 ferventissimum·
1797 1268 1802 1291 .

111 1321 177 1365 num
190 1322 309 1365 amorem
323 1320 473 1379 superma,
489 1308 528 1363 qe
548 1313 689 1377 prepterea
708 1303 800 1375 ptem}
812 1310 909 1359 vem
961 1302 1014 1358 quc
1028 1286 1146 1343 studium
1161 1288 1293 1343 sensimus
1308 1305 1315 1342 :
1328 1302 1360 1345 ex
1373 1286 1459 1361 iisque
1471 1289 1552 1347 rebus
1563 1307 1616 1348 tran
1630 1293 1756 1365 exiguum
1794 1362 1795 1366 Ἰ

111 1399 227 1469 gratiam
242 1399 339 1468 ιω,
354 1414 454 1471 vome
475 1398 596 1455 mqfqpcqs
617 1398 740 1455 pauninus
760 1397 788 1454 q„
812 1396 909 1453 eaequm
962 1389 1019 1437 tum
1036 1382 1186 1453 grauissimi
1207 1382 1307 1449 exsilii,
1323 1396 1377 1453 quo
1390 1379 1557 1452 detinemur,
1574 1392 1630 1441 tum
1644 1385 1757 1444 aliorum

111 1490 182 1560 lero,
196 1500 336 1564 petoquea
347 1492 434 1563 robis,
449 1490 804 1564 ntipsirosmetimitemini,
815 1506 911 1562 quam.
927 1516 930 1524 .
962 1473 1112 1547 malorum„
1130 1488 1189 1545 qum
1207 1472 1284 1529 nobis
1298 1472 1370 1529 illata
1383 1482 1463 1541 suxit,
1478 1474 1602 1533 solatium
1616 1475 1757 1535 trahemus.

112 1598 167 1656 que
179 1585 297 1642 antehac
307 1600 415 1657 semper
429 1584 512 1643 animi
522 1584 759 1658 promptitudinem
772 1582 910 1641 exhibuis-

112 1676 159 1746 tis,
173 1691 232 1733 eam
246 1677 280 1735 ad
295 1688 446 1736 extremum
460 1678 625 1751 perducatis.
650 1677 687 1736 llt
709 1678 783 1735 enim
801 1676 835 1733 ad
856 1690 910 1742 ra,

112 1785 175 1841 quae
187 1770 352 1840 acciderunt,
369 1772 509 1829 sarcienda
523 1771 591 1829 nihil
615 1772 679 1828 hinc
704 1770 825 1827 utilitatis
850 1783 912 1840 pro·

113 1864 259 1936 prediatur,
288 1882 342 1922 non
357 1882 438 1938 parra
452 1876 554 1934 tamen,
569 1866 660 1936 utiam
672 1864 738 1930 dixi,
762 1862 839 1920 nobis
853 1862 913 1919 hae

113 1956 264 2013 consolatio
278 1958 366 2014 lutura
380 1970 432 2026 est,
446 1958 517 2030 quod
533 1967 633 2013 tantam
644 1974 661 2013 a
673 1957 749 2016 tobis
772 1957 912 2013 caritatem

113 2050 289 2122 obtinuerim,
303 2060 383 2125 atque
392 2052 539 2109 etiamnum
551 2051 698 2109 obtineam.

265 2184 335 2244 cti.
348 2187 434 2243 Asello
443 2186 570 2259 episcopo.
588 2184 677 2257 (boue
689 2183 768 2254 atel

150 2314 214 2372 Seio
237 2327 287 2370 res
300 2312 386 2370 literis
398 2312 465 2369 nibil
478 2310 616 2383 indigere,
630 2307 727 2383 quibus
738 2306 911 2376 excitemini,

68 2446 69 2482 ,
113 2416 196 2479 atque
212 2404 243 2463 ea
257 2406 346 2474 mala,
360 2421 419 2477 quac
433 2404 579 2461 orientales
592 2401 726 2459 Ecclesiae
739 2402 911 2469 invaserunt,

114 2499 257 2556 sarcienda
274 2498 435 2571 suscipiatis.
451 2497 533 2569 idque
543 2512 594 2569 per
607 2510 659 2565 ea,
675 2510 763 2568 quma
776 2495 852 2551 robis
863 2508 913 2567 qe·

115 2598 159 2645 sta
179 2599 259 2658 sunt,
280 2590 387 2661 planum
406 2588 508 2647 iecistis
523 2606 530 2643 :
545 2588 644 2661 quippe
656 2589 703 2660 qui
715 2599 804 2645 restra
816 2596 913 2658 sponte

98 2690 223 2739 ⁴tantum
244 2682 325 2739 studii
347 2697 380 2739 ac
398 2682 544 2754 diligentiae
561 2681 714 2754 praebeatis.
730 2680 828 2739 Verum
842 2695 912 2753 quo-

117 2773 191 2831 niam
211 2774 363 2846 hujusmodi
376 2776 464 2847 mala,
479 2785 589 2849 propter
603 2790 698 2833 eorum
710 2775 755 2847 qui
767 2790 800 2832 ea
814 2789 912 2845 perpe·

117 2874 226 2923 tramnt
234 2867 379 2924 amentiam
388 2911 397 2937 ,
407 2882 462 2924 non
474 2866 562 2925 adbuc
572 2866 713 2925 emendata
724 2874 802 2933 sunt,
814 2864 915 2923 idcirce

117 2960 300 3017 neemmmum
325 2961 451 3019 duximus
475 2978 522 3020 ros
544 2962 662 3030 hortari,
686 2969 717 3018 ut
735 2960 914 3033 nedeiatiqe·

67 3031 71 3057 '
117 3050 203 3118 mini,
218 3066 312 3108 nerum
325 3060 463 3110 strenuam
475 3052 557 3109 animi
570 3053 734 3110 alacritatem
743 3051 913 3122 adhibeatis,

68 3155 69 3158 ’
117 3153 199 3216 atque
211 3160 227 3200 a
241 3144 316 3202 robis
326 3146 392 3217 ipsis
403 3162 498 3205 rursus
509 3148 600 3204 omnia
611 3147 766 3205 conteratis.
781 3147 848 3205 llam
861 3164 916 3220 quo

118 3236 312 3307 periculosiore
338 3253 370 3295 ac
394 3238 582 3297 incurabiliore
605 3240 702 3297 morbo
722 3240 847 3299 laborant
869 3242 914 3311 qui

118 3324 252 3385 adversus
269 3328 451 3389 Ecclesismm
469 3341 568 3389 matum
589 3332 738 3391 seditiones
751 3334 869 3404 agitant,
883 3348 917 3391 eo

69 3487 71 3504 .
119 3435 227 3496 quoque
236 3424 343 3496 pravius
352 3426 472 3499 ipsorum
481 3427 613 3499 judicium
624 3429 676 3484 erit
689 3445 697 3483 ε
711 3442 744 3484 ac
753 3428 841 3497 robis
851 3442 918 3484 eon·

69 3511 71 3522 ’
120 3520 177 3584 tra,
199 3530 314 3589 qnorum
331 3519 414 3576 animi
433 3520 544 3579 minime
567 3520 737 3593 franguntur,
759 3520 918 3579 luculentior

120 3620 227 3665 merces
241 3611 395 3684 etmajores
405 3627 525 3671 corona.

201 3767 289 3829 Chii.
306 3769 452 3843 [immonis.
468 3769 567 3843 (Anno,
582 3778 612 3826 ut
623 3776 742 3841 putatur,
757 3767 834 3841 100.)

159 3906 192 3963 Et
213 3906 337 3979 privatim
358 3906 486 3979 singulis,
501 3914 529 3964 et
543 3908 690 3964 universim
704 3905 829 3962 omnibus
841 3904 919 3961 robis

69 3999 70 4060 1
123 3998 224 4069 gratias
246 3997 349 4055 reterre
371 3996 519 4067 debemus,
541 4012 596 4055 nen
618 4010 668 4053 nos
691 3996 847 4064 dumtaxat,
870 3994 919 4051 sed

124 4090 206 4145 ctiam
221 4103 316 4147 ornnes
324 4088 469 4148 orientales
481 4090 618 4163 episcopi,
631 4090 798 4146 dirersamm
813 4088 919 4145 urbium

127 4180 238 4247 clerici,
261 4196 294 4239 ac
310 4180 373 4239 laici
385 4182 461 4239 nario
474 4181 555 4239 mode
569 4182 655 4253 puisi,
670 4180 741 4251 quod
755 4188 867 4252 paterna
878 4181 921 4237 ti·

125 4271 201 4331 s'eera
216 4273 383 4345 exhibentes,
396 4274 482 4333 ricem
496 4282 615 4331 nestram
621 4274 753 4341 doluistis,
763 4274 922 4345 fortiterque

125 4364 248 4422 stetistis.
261 4364 328 4423 liam
340 4366 469 4439 'quidquid
480 4376 631 4425 vestrarum
643 4367 758 4438 partium
768 4376 837 4435 erat,
850 4382 921 4439 pru·

125 4457 242 4515 stitistis.
263 4459 303 4515 dc
321 4467 462 4531 propterea
476 4460 566 4517 cuncti
580 4473 629 4517 ros
642 4458 806 4531 pmdienr,
820 4474 922 4516 corona

126 4547 244 4619 donant,
266 4558 409 4623 vestraque
430 4550 536 4625 egregia
556 4549 676 4609 lacioma
694 4551 723 4607 in
742 4566 790 4609 ore
810 4550 921 4609 habent.

127 4641 204 4711 qnod
221 4642 245 4699 si
258 4646 325 4703 tanti
338 4643 456 4703 bonores
467 4643 544 4703 robis
556 4644 593 4701 ab
606 4644 760 4702 bominibus
772 4644 922 4714 habentor,

128 4736 243 4808 cogitate
261 4746 360 4811 quanta
378 4737 456 4795 robis
474 4753 491 4794 a
504 4738 622 4809 benique
634 4736 690 4793 lieo
704 4738 814 4808 promia
825 4752 924 4809 exspe-

127 4828 225 4886 ctanda
239 4830 302 4887 sint.
316 4830 383 4899 Qua
396 4844 458 4887 cum
472 4830 523 4902 ipsi
536 4845 590 4886 non
600 4828 741 4903 ignoretis,
755 4829 924 4889 reverendis-

128 4921 190 4979 simi
203 4937 236 4979 ac
248 4922 444 4997 religiosissimi
456 4922 557 4980 domini
568 4923 637 4992 mei,
649 4922 755 4980 etiamsi
769 4922 804 4993 ii,
815 4923 861 4996 qui
875 4923 926 4982 Ec·

70 5046 71 5054 κ
130 5013 228 5071 ctesias
252 5017 424 5088 perturbant,
446 5016 588 5077 incurabili
606 5016 702 5075 morbo
719 5026 876 5089 teneantur,
891 5034 927 5078 ne

131 5116 239 5174 umen,
261 5110 334 5181 qnod
356 5113 485 5184 potestis,
506 5112 656 5171 remedium
677 5111 776 5171 adeam
788 5112 928 5172 desinatis.

132 5197 199 5254 liam
218 5214 273 5271 quo
296 5201 372 5272 plura
390 5204 579 5276 impedimenta
599 5207 620 5274 ¹,
630 5220 663 5263 ac
679 5209 766 5280 major
784 5205 929 5264 diideoltas

71 5323 72 5336 ,
133 5290 232 5361 luerit,
251 5306 286 5349 eo
306 5306 413 5365 quoque
432 5295 519 5368 major
536 5296 614 5354 robis
630 5312 735 5355 meroes
749 5299 810 5355 erit.
825 5298 893 5355 Nam
905 5299 928 5357 sl

134 5384 181 5453 qni
196 5384 321 5455 mulum
335 5400 412 5457 aquae
423 5385 527 5458 trigidae
538 5388 602 5455 dat,
618 5402 673 5445 non
685 5390 744 5445 siue
756 5388 881 5445 mercede
893 5387 930 5446 eb

136 5477 329 5535 humanitatem
340 5476 398 5535 abit
407 5478 515 5550 (dietih.
530 5479 575 5536 10.
585 5479 816 5554 11)ε))ει·ροιι(111ο,
827 5496 930 5556 quaeso,

170 5614 179 5648 ¹
196 5622 287 5666 munes
298 5623 352 5667 tiss.
363 5618 450 5679 nostri,
461 5628 508 5681 quo
524 5616 607 5681 plnres
625 5622 783 5684 tempestates.
802 5619 874 5681 mit,
886 5632 934 5686 quo

137 5676 210 5740 stare
219 5675 408 5743 munimem,
426 5692 498 5744 quam
514 5677 646 5732 lectionem
662 5682 826 5745 praeferebam
841 5682 934 5747 aliquot

138 5742 264 5791 montonis
275 5743 354 5792 boemi
374 5749 430 5793 ttae.
449 5740 520 5793 sarii.
539 5744 612 5795 edan
629 5745 655 5793 in
674 5751 746 5795 textu
762 5744 935 5810 brtpedintertttt

139 5802 223 5863 haben
231 5802 289 5853 inde
297 5810 352 5854 orta
360 5804 476 5867 contusio,
486 5805 933 5875 quodgraece-atmmnpertirnento,

141 5870 168 5916 et
175 5877 256 5929 ψη,
268 5871 429 5934 mmmmm,
442 5868 496 5922 site
507 5870 604 5933 dectus,
615 5868 680 5922 idem
691 5884 758 5936 pene
769 5878 864 5923 sonant.
882 5928 889 5938 ,

963 1566 1027 1623 ldco
1044 1582 1091 1623 ros
1113 1582 1256 1639 rogamus.
1277 1575 1307 1624 ut
1319 1568 1441 1625 eamdem
1455 1568 1533 1625 nobis
1545 1570 1759 1631 benevolentiam

963 1658 1090 1729 idemque
1103 1659 1220 1715 studium
1233 1658 1359 1717 exhibere
1371 1661 1499 1733 pergatis.
1512 1662 1604 1736 Neque
1615 1664 1687 1721 enim
1697 1664 1759 1722 odi·

963 1754 1035 1809 ciunt
1048 1752 1238 1808 nobistantum
1254 1752 1434 1825 praestabitur,
1445 1756 1628 1813 verumetiam
1641 1757 1675 1813 ad
1685 1772 1759 1815 com-

964 1858 1073 1899 munem
1089 1844 1269 1901 Ecclesiarum
1286 1845 1427 1901 utilitatem
1441 1845 1599 1905 dimanabit.
1615 1847 1673 1906 lion
1687 1850 1760 1907 enirn

966 1950 1035 2002 una,
1050 1942 1097 1990 ant
1111 1936 1211 2003 altera,
1227 1944 1275 1991 aut
1287 1944 1342 1993 tres
1353 1936 1448 2005 urbes,
1463 1953 1555 1997 rernm
1570 1939 1683 2011 inthrae
1694 1956 1761 2013 qen·

964 2035 1008 2085 tes
1016 2027 1114 2097 ubique
1126 2037 1255 2083 terrarum
1267 2027 1467 2097 perturbantur.
1481 2028 1520 2084 dc
1532 2029 1645 2099 proinde
1659 2039 1760 2088 martum

964 2134 981 2175 a
1006 2119 1083 2175 robis
1111 2119 1227 2175 studium
1255 2118 1378 2177 adbiberi
1405 2121 1549 2187 convenit,
1574 2132 1701 2194 quantum
1726 2124 1761 2183 ab

964 2210 998 2267 iis
1018 2209 1139 2269 adbiberi
1163 2226 1210 2282 par
1233 2212 1350 2283 cst,qui
1374 2227 1423 2284 pro
1445 2220 1484 2269 tot
1507 2213 1656 2271 animarum
1677 2216 1763 2277 salute

965 2303 1085 2361 laborem
1114 2305 1272 2376 suscipiunt.
1300 2303 1425 2377 Quodsi
1450 2307 1549 2365 multos
1575 2308 1630 2382 jam
1658 2310 1763 2369 labores

966 2398 1130 2470 pertulistis,
1160 2400 1310 2469 rostrisque
1341 2401 1460 2471 partihus
1492 2403 1575 2459 iuncti
1605 2406 1687 2475 estis,
1714 2420 1764 2463 nos

965 2506 1074 2563 quoque
1098 2490 1123 2547 id
1144 2493 1310 2564 exploratum
1326 2493 1470 2563 hahemus,
1486 2510 1572 2568 eoque
1584 2499 1692 2556 nomine
1706 2500 1764 2557 sine

964 2586 1019 2643 ulla
1043 2586 1241 2642 intermissione
1263 2587 1340 2645 robis
1366 2588 1466 2661 gratias
1493 2591 1596 2661 aqimus
1619 2610 1626 2647 :
1649 2595 1765 2664 petimus

965 2690 1057 2737 atatem
1073 2696 1089 2737 a
1104 2680 1195 2748 robis,
1210 2695 1246 2737 ne
1259 2678 1310 2737 boc
1321 2680 1411 2739 iacere
1421 2682 1561 2741 desinatis.
1574 2686 1711 2758 Siquidem
1725 2694 1765 2743 to·

965 2772 1096 2843 lerantia,
1114 2774 1258 2845 patientia,
1273 2783 1302 2831 et
1313 2784 1440 2833 corastans
1452 2779 1584 2837 sententia
1599 2790 1702 2851 restra,
1717 2796 1765 2839 eos
1870 2778 1872 2786 ’

966 2865 1048 2921 etiam
1068 2865 1113 2939 qni
1136 2865 1269 2937 pervicaci
1288 2867 1378 2924 antimo
1397 2877 1477 2938 sunt,
1499 2885 1531 2927 ac
1545 2886 1613 2942 pene
1625 2872 1765 2931 incurabili

967 2958 1064 3014 morbo
1079 2967 1204 3014 tenentur
1217 3003 1224 3025 ,
1239 2959 1272 3016 ab
1286 2974 1333 3026 ea,
1347 2976 1399 3032 qua
1414 2977 1485 3018 nurte
1498 2962 1636 3034 laborant,
1653 2966 1766 3023 demea·

969 3050 1004 3105 tia
1017 3050 1152 3108 abducere
1167 3051 1275 3122 poterit.
1292 3050 1321 3107 Si
1335 3068 1399 3109 vero
1414 3054 1602 3112 immedicabili
1616 3056 1711 3113 morbo
1726 3057 1766 3113 la·

968 3141 1085 3211 horeat,
1108 3151 1135 3200 at
1151 3143 1228 3201 robis
1248 3153 1322 3201 certc
1339 3147 1473 3205 cumulata
1486 3163 1606 3219 merces,
1621 3150 1767 3211 bonorum·

969 3251 1022 3309 que
1037 3237 1133 3294 herum
1148 3239 1157 3271 ¹
1170 3253 1268 3295 corona
1281 3238 1384 3313 integra
1398 3242 1460 3298 erit.

1077 3348 1137 3407 ccl
1143 3349 1174 3406 l'.
1187 3350 1292 3408 lisdem.
1300 3353 1402 3426 (Anno,
1414 3365 1443 3412 ut
1454 3363 1573 3429 putatur,
1584 3358 1660 3433 100.)

1006 3462 1062 3521 lios
1075 3464 1185 3536 quidem
1200 3468 1321 3539 corporis
1334 3470 1414 3527 etiam
1429 3472 1514 3530 oeulis
1526 3488 1574 3532 ros
1587 3475 1678 3533 ridere
1688 3492 1770 3551 cupe-

969 3572 1083 3625 remus:
1103 3560 1229 3629 quoniam
1243 3570 1333 3619 antem
1347 3562 1374 3619 id
1387 3564 1498 3622 minime
1510 3566 1590 3633 lieet,
1606 3568 1668 3640 quia
1681 3571 1768 3628 exsilii

970 3649 1084 3707 vinculis
1104 3653 1243 3710 constricti
1258 3662 1398 3723 tenemur,
1413 3656 1533 3716 caritatis
1545 3658 1630 3717 oculis
1642 3676 1690 3717 ros
1704 3678 1772 3734 qno·

970 3743 1038 3799 tidie
1056 3743 1192 3801 cernimus
1208 3754 1289 3817 atque
1303 3747 1508 3819 amplectimur,
1523 3749 1671 3824 plausuque
1683 3761 1710 3808 et
1723 3755 1771 3810 ad·

971 3835 1116 3893 miratione
1132 3837 1257 3908 prosequi
1269 3851 1322 3893 non
1333 3838 1491 3906 desinimus,
1500 3841 1680 3912 qnodtantam
1689 3844 1771 3903 animi

972 3922 1138 3982 alacritatem
1150 3940 1182 3983 ac
1193 3926 1309 3984 studium
1323 3944 1372 4000 pro
1382 3928 1499 3987 Orientis
1510 3931 1640 3990 Ecclesiis
1649 3934 1683 3991 ab
1696 3935 1772 3995 initio

972 4019 1006 4077 ad
1018 4020 1070 4077 hoc
1088 4035 1174 4093 usqne
1188 4028 1293 4092 temptas
1305 4032 1459 4081 constanter
1473 4024 1633 4084 exhibuistis
1649 4048 1655 4085 :
1670 4044 1772 4102 nosque

972 4128 1117 4185 rogamus,
1138 4123 1168 4170 ut
1181 4128 1272 4185 parem
1284 4114 1367 4171 initiis
1381 4116 1461 4174 linem
1474 4121 1616 4190 praestetis.
1631 4121 1697 4178 Naar
1710 4136 1772 4181 cunt

973 4206 992 4264 ii
1003 4206 1049 4280 qui
1064 4208 1153 4264 omnia
1167 4207 1358 4281 perturbarunt
1367 4226 1400 4267 ac
1410 4212 1568 4273 tumultibus
1578 4216 1772 4288 impleverunt,

975 4310 1048 4359 tanta
1063 4302 1235 4361 coartentione
1247 4320 1278 4361 ae
1286 4305 1434 4376 pervicacia
1447 4307 1487 4363 usi
1501 4308 1572 4375 sint,
1587 4309 1773 4382 multominus

975 4394 1107 4466 maiorem
1128 4410 1193 4463 nos,
1207 4396 1253 4468 qni
1274 4396 1452 4455 incommodis
1465 4394 1589 4471 'acceptis
1602 4400 1704 4459 mederi
1716 4412 1774 4459 stu·

975 4486 1064 4556 detis,
1089 4489 1243 4560 patientiam
1269 4504 1301 4547 ac
1323 4489 1490 4549 tolerantiam
1512 4493 1538 4548 in
1560 4492 1712 4567 btrjusmodi
1726 4510 1774 4553 co·

976 4589 1042 4637 nato
1053 4579 1182 4638 adhibere
1191 4582 1326 4638 convenit.
1339 4580 1395 4640 llac
1406 4584 1477 4641 enim
1488 4584 1591 4643 ratione
1601 4588 1687 4661 major
1696 4588 1776 4646 vobis

978 4686 1083 4730 merces
1109 4673 1248 4745 majusque
1273 4674 1412 4747 premium
1439 4676 1556 4747 erit,si,
1578 4679 1640 4755 licet
1661 4679 1776 4752 impedi·

977 4775 1068 4821 menta
1089 4765 1172 4823 multa
1191 4780 1251 4823 sese
1265 4765 1341 4823 cobis
1359 4766 1502 4841 obiiciant,
1516 4784 1564 4826 ros
1578 4780 1666 4829 mmcn
1681 4773 1776 4845 pedem
1871 4814 1876 4829 .

979 4860 1091 4917 minime
1113 4858 1252 4927 referatis,
1276 4875 1482 4919 rerumrerum
1504 4862 1688 4923 difficultatem
1710 4866 1777 4940 rigi·

980 4955 1063 5027 tantia
1077 4961 1165 5011 restra
1180 4952 1302 5011 etstudio
1313 4964 1471 5013 constanter
1484 4955 1677 5017 intercludatis.

981 5068 1024 5125 cb
1031 5068 1062 5124 V.
1084 5065 1231 5125 chromatio
1248 5066 1288 5141 (a)
1300 5066 1423 5141 dqaiicioe
1444 5069 1573 5143 episcopo.
1589 5070 1679 5143 (Anno
1697 5072 1777 5145 100.)

1018 5180 1173 5240 Clarissima
1194 5180 1324 5238 ferventis
1346 5187 1397 5237 tuac
1415 5196 1447 5239 ac
1460 5182 1571 5240 sincere
1585 5186 1703 5241 caritatis
1715 5186 1778 5243 tuba

982 5274 1017 5332 td
1028 5288 1177 5346 nos-usqne
1188 5288 1284 5333 sonum
1297 5289 1375 5331 suum
1387 5273 1640 5348 bisunianensem
1653 5277 1778 5349 quiddam

1015 5371 1025 5403 ¹
1041 5376 1093 5420 bue
1103 5374 1158 5419 lise.
1169 5366 1277 5428 addam,
1289 5365 1408 5419 uterus.
1453 5372 1459 5381 ’

1016 5432 1054 5497 (n)
1070 5433 1112 5482 tric
1122 5430 1272 5481 chromatius
1282 5430 1441 5481 adtoannsm
1457 5429 1653 5495 clupeostomnm
1670 5434 1779 5497 scripsit,

984 5502 1013 5546 ut
1022 5498 1196 5545 commemorat
1208 5488 1325 5542 rdinuius
1337 5493 1361 5541 in
1374 5492 1424 5543 tita
1435 5492 1594 5557 chrysostomi
1605 5506 1658 5555 cap.
1671 5494 1695 5545 l.
1707 5496 1782 5560 tinius

986 5559 1060 5608 etiam
1069 5556 1161 5605 montio
1173 5554 1277 5605 habetur
1288 5566 1361 5617 supra
1373 5555 1398 5604 in
1411 5554 1513 5617 epistola
1523 5556 1656 5608 iunocentii
1667 5556 1698 5607 ad
1707 5558 1781 5623 chry-

985 5626 1127 5671 sostomum.
1140 5618 1304 5691 cunrdemquc
1323 5616 1484 5667 chromatium
1503 5616 1689 5681 aquileiensem
1707 5619 1783 5671 hono·

985 5683 1054 5733 rilice
1063 5685 1236 5733 commemorat
1247 5686 1406 5751 hieronymus
1421 5678 1562 5751 tractatione
1575 5682 1598 5731 ia
1610 5681 1686 5731 libros
1696 5683 1783 5733 carail-

986 5756 1109 5820 ponrenon
1122 5747 1149 5792 et
1159 5742 1183 5790 ln
1195 5740 1297 5804 Epistola
1307 5740 1346 5792 60.
1354 5748 1415 5815 ttutc
1425 5740 1535 5852 eprsltolae
1544 5742 1650 5855 'atlltraraarlrlrJ
1658 5746 1784 5863 sutrinusibt

987 5808 1658 5930 iilibailinthialilicctilthnn.
1669 5816 1737 5859 ¹⁰¹¹¹⁰
