4142 6342
247 315 295 372 155
344 340 349 349 ·

243 429 346 499 laoere;
361 431 409 488 red
418 445 558 502 personam
570 430 713 487 consiliarii
726 440 754 487 et
763 401 894 488 curatoris
905 433 1032 502 suscepit,

646 316 675 374 s.
690 315 830 392 totums
845 315 1034 373 currtstrsr.
1056 316 1215 374 aliumue.
1235 317 1506 380 ‹tousrauuuon

1827 323 1881 382 1511

1089 432 1281 503 impudentiam
1299 434 1472 492 ostendemus
1487 452 1494 488 ι
1510 435 1581 492 bens
1597 435 1687 493 dicit:
1701 437 1816 509 Apposui
1836 439 1881 494 titi

245 524 383 581 utmalam
405 523 582 581 hortationem
607 523 732 580 redderet
751 526 947 595 acceptiorem
962 526 1034 597 quod
1086 524 1169 595 quem
1182 535 1205 580 et
1219 542 1320 595 aquom,
1333 528 1410 582 uitam
1423 537 1579 582 struerem:
1593 545 1750 600 purumque
1760 531 1880 598 miseria,

244 619 325 673 etiam
347 617 453 672 accidit.
468 617 537 672 Nilril
558 617 629 673 euim
650 618 723 673 aliod
746 618 787 674 liis
809 619 887 676 dietis
907 619 1035 690 perlicere

244 707 338 775 voluit,
352 708 402 762 uisi
423 717 453 763 ιιι
472 706 622 764 dedeerctis
646 725 662 764 a
684 712 740 766 [teo
755 712 914 768 couditorc:
929 711 1035 768 liruidus

243 809 285 855 cst
299 800 381 866 enim,
398 800 494 872 inquit,
514 810 541 856 ct
561 801 645 858 liuore
666 803 770 874 plenus,
791 805 916 860 maximis
939 806 1035 861 vestris

245 875 451 948 inuidct'bonis.
462 895 497 947 Αι
519 892 577 948 bec
594 894 674 950 rerba
693 894 834 951 mauiiestc
859 912 911 951 uon
927 900 1033 966 posuit:

242 982 360 1054 alloquin
373 983 448 1040 illurn
465 986 632 1055 suspicantes
644 987 780 1043 inimicum
800 1003 871 1053 csse,
886 988 1033 1060 fugissent:

243 1072 285 1129 lis
296 1087 360 1144 ergo
370 1077 558 1145 pretermissis
567 1086 595 1132 et
603 1077 786 1142 dissimulatis,
798 1079 848 1134 lroc
858 1081 1035 1150 perniciosum

205 1204 207 1207 -
243 1163 347 1218 induxit
368 1165 519 1222 urnsilioru.
543 1167 645 1224 Eodem
665 1184 770 1240 quoque
789 1169 870 1226 modo
891 1183 967 1226 ttunc
981 1187 1035 1226 ιιιιιι

242 1252 318 1321 dicit,
334 1254 445 1338 llellcite
459 1273 475 1312 a
489 1256 605 1326 Cbristo,
621 1260 698 1332 quasi
710 1261 798 1316 diviua
810 1271 943 1333 precepta
957 1261 1034 1318 daru-

243 1343 454 1404 nandaessent:
469 1349 544 1404 norit
557 1351 628 1404 enirn
649 1351 699 1406 sibi
721 1351 860 1407 mentienti
881 1352 962 1406 sulem
983 1368 1034 1406 uou

244 1435 394 1492 babendum
408 1438 487 1506 lore3
510 1440 557 1496 scd
574 1437 670 1498 callide
691 1443 798 1499 uidetur
817 1459 867 1499 rios
884 1445 911 1498 iu
930 1445 963 1499 iis
975 1459 1037 1499 esse

242 1527 342 1592 sinere,
358 1539 385 1584 et
397 1546 458 1586 cum
471 1533 583 1589 veritate
593 1535 754 1601 consentire,
769 1535 816 1591 seu
828 1536 880 1589 aliu
892 1535 973 1590 urodo
987 1551 1037 1590 uns

244 1617 343 1674 inscios
355 1621 389 1675 ab
403 1621 453 1676 bac
466 1632 565 1679 aetenra
587 1625 733 1681 bereditate
752 1626 824 1696 ejicit
838 1644 846 1682 ι
861 1628 1036 1698 qureruadruu·

242 1709 307 1764 dum
319 1711 412 1780 siquis
424 1727 536 1782 puerum
550 1716 693 1786 ingenuom
710 1732 743 1773 ac
764 1717 889 1785 libemm,
909 1717 957 1773 scd
969 1717 1036 1772 siur-

244 1799 339 1869 plicetu
353 1810 381 1856 et
396 1801 548 1873 incautum,
570 1821 623 1861 nou
643 1807 750 1877 quidem
763 1808 872 1864 dextera
884 1809 1037 1881 apprehen-

243 1908 302 1949 sum
312 1893 402 1965 ejiciat
414 1911 448 1952 ex
460 1897 542 1954 diruto
553 1897 672 1968 quaterna,
684 1901 730 1956 scd
743 1902 816 1956 illurn
831 1902 864 1957 ad
874 1918 906 1958 ca
916 1901 1037 1960 iacienda

244 1984 376 2055 bortetur,
389 1990 485 2059 quibus
499 1993 582 2058 pestb
596 1993 660 2046 uelit
673 1993 767 2048 nolito
783 1995 901 2064 paternis
912 1997 1038 2052 ouinibus

243 2075 322 2132 bouis
333 2079 447 2136 excidet.
462 2079 555 2152 Neque
568 2088 640 2138 enlm
659 2083 717 2138 ticri
732 2085 787 2140 ullo
806 2086 995 2157 irrodopotcst,
1009 2097 1038 2142 ut

246 2168 327 2242 isqui
353 2171 407 2226 lato
431 2172 525 2240 buret,
545 2176 641 2230 eaelum
660 2188 858 2248 cotrscquatur;
882 2181 936 2236 iuro
956 2183 1036 2236 etiarn

245 2260 303 2317 fleri
316 2265 417 2334 ucquit,
430 2272 458 2318 ut
469 2264 618 2334 gebennam
633 2277 658 2322 et
668 2269 828 2338 supplicium
837 2271 945 2342 ellirgiat
955 2290 962 2326 :
974 2289 1036 2328 usur

244 2351 342 2408 diriuis
365 2356 503 2424 preceptis
517 2358 652 2414 coruraria
670 2359 795 2431 imperat.
817 2362 884 2418 Dicit
898 2364 969 2419 Deus
983 2382 991 2419 ε
1006 2364 1039 2420 St’

245 2443 382 2508 uolueritis,
397 2453 420 2500 et
435 2447 566 2501 audieritis
585 2465 634 2512 rue,
659 2449 725 2505 bone
748 2461 822 2507 terre
839 2457 993 2522 comedetia,·
1015 2457 1039 2512 σι’

243 2543 328 2589 eutem
344 2535 483 2602 uotueitis,
497 2555 542 2592 uer
555 2539 686 2596 redimitis
700 2558 749 2610 ute,
770 2545 873 2614 plautae
890 2542 933 2601 una
945 2563 1039 2602 consu·

243 2633 304 2679 uta.
328 2624 364 2681 Or
377 2629 444 2682 euim
461 2628 564 2685 Dorrriur'
585 2632 639 2688 brec
652 2634 783 2705 nqauam
801 2647 838 2691 ert
851 2635 927 2710 (lsai.
942 2639 969 2694 l.
990 2638 1035 2695 tt).

279 2803 305 2860 F
305 2817 376 2862 olunt
389 2825 423 2863 nrt
435 2810 540 2867 liberum
554 2815 686 2870 arbitrium
697 2816 826 2886 t'rupedr'et.
835 2848 871 2858 -
884 2819 963 2874 l'idcs
971 2835 1038 2890 quo·

244 2893 325 2953 ruodo
340 2898 410 2955 Deus
421 2899 554 2972 loquatur,
568 2914 594 2961 et
604 2907 677 2977 lcqes
685 2915 785 2977 ponat:
798 2908 859 2962 audi
870 2925 942 2966 nurrc
953 2909 1037 2966 latum

244 2989 379 3058 quomodo
394 2992 527 3063 loipuatur,
541 3005 569 3050 ct
581 2998 716 3068 utromodo
734 3001 883 3056 contrarias
897 3011 978 3071 ponat
998 3003 1037 3058 le·

243 3095 310 3152 qcs;
326 3092 353 3138 et
366 3084 440 3142 disce
458 3087 500 3142 illu
512 3090 618 3158 quidem
632 3109 646 3144 u
660 3091 751 3148 diuiuo
765 3093 867 3163 Spiritu
881 3096 951 3152 dicta
965 3112 1036 3163 csse,

131 3249 139 3264 .
244 3171 303 3230 ltaec
314 3188 403 3232 auteru
418 3195 434 3233 a
450 3181 565 3254 trraliquo
578 3183 702 3240 daertroue
714 3185 877 3258 iruumnique
887 3187 953 3244 lera.
966 3189 1037 3247 bixit

245 3265 326 3335 beris,
340 3268 369 3325 Si
384 3270 531 3338 vrrlouritis,
545 3284 583 3342 ct,
596 3275 626 3332 Si
648 3277 797 3344 uolueritis,
815 3279 841 3334 in
856 3290 949 3337 nostro
962 3283 1030 3337 arbi·

245 3359 296 3414 trio
308 3370 336 3415 et
349 3362 488 3419 uolutrtate
508 3365 662 3436 relinquens
677 3368 800 3427 uirtutem
824 3384 851 3426 et
878 3372 1035 3442 lruprobita·

243 3460 309 3506 tent.
324 3450 370 3509 tlte
385 3470 448 3509 sero
458 3455 520 3511 dicit
536 3475 544 3511 ε
558 3458 636 3528 Qrtod
645 3460 880 3518 latocoustitotuur
891 3473 942 3529 est,
959 3467 1035 3523 vitari

212 3582 216 3588 .
244 3558 297 3599 uon
310 3553 407 3614 potest,
419 3547 532 3603 uelimus
544 3550 669 3607 nolimus.
682 3553 752 3610 beas
761 3553 841 3610 dicit:
853 3555 884 3612 Si
895 3556 1035 3627 oetaeum,

244 3634 312 3689 bonu
331 3645 405 3691 terre
422 3639 572 3704 concitatu
584 3643 666 3697 latum
678 3657 742 3699 vero
759 3643 825 3700 dicit
841 3645 1035 3713 :Quantumris

243 3726 416 3796 uoluerimus,
438 3732 487 3787 uisi
509 3735 586 3790 nobis
600 3735 625 3790 id
639 3737 729 3794 dotum
743 3739 832 3804 luerit,
848 3742 918 3796 ttttlltt
934 3742 1035 3798 utititas

241 3828 284 3875 est
315 3820 367 3877 hoc
384 3822 463 3879 uelle.
490 3825 561 3882 licus
581 3827 646 3884 dicit
668 3847 675 3884 :
696 3831 728 3885 Si
748 3833 880 3887 statueritis
907 3837 1036 3890 attendere

241 3911 320 3970 retis
333 3915 405 3980 orda,
418 3917 521 3989 eladius
535 3935 578 3974 roa
589 3932 735 3988 mururtetr
747 3922 831 3980 latum
844 3927 1032 3983 contradicit:

241 4003 271 4059 st
283 4007 458 4078 uoluerimus,
473 4011 564 4068 datum
580 4030 648 4071 uero
658 4017 738 4074 uobis
753 4017 845 4088 luerit,
860 4028 948 4078 tunimo
965 4023 1033 4079 salui

241 4097 354 4173 erimus.
367 4100 463 4158 bunun
479 4105 529 4160 boc
542 4104 625 4162 latum
640 4108 724 4165 dicit?
734 4110 802 4177 Quid
817 4111 867 4166 bac
879 4127 967 4183 pugna
976 4115 1034 4169 ela·

241 4189 296 4245 ritus
309 4191 410 4248 luerit?
423 4196 485 4266 quid
501 4197 553 4254 bue
573 4198 645 4254 bello
664 4201 792 4270 apertius,
814 4202 885 4271 quod
906 4203 1034 4260 adsersus

240 4280 330 4336 diviua
347 4275 454 4355 eloquia
477 4289 600 4359 nequitie
618 4275 744 4347 doctores
757 4291 892 4349 demones
906 4307 1033 4365 suscepe-

241 4373 325 4428 runtl
344 4373 397 4430 Sed
412 4385 441 4431 ιιι
452 4377 507 4447 jam
522 4379 585 4446 diri,
600 4381 673 4452 quod
695 4382 841 4452 daemones,
861 4393 889 4441 et
912 4386 1033 4445 lromines

240 4461 408 4541 «temonibus
423 4483 512 4538 pares,
533 4485 628 4542 nempe
639 4471 737 4542 Graeci,
753 4472 795 4529 his
810 4474 889 4530 sidem
907 4475 1032 4545 babeant,

240 4553 308 4610 nibil
319 4557 416 4614 mirum
444 4561 522 4632 -quod
532 4570 622 4619 ιιιιιιιιιι
635 4579 683 4620 uos
697 4573 751 4619 taut
762 4564 860 4621 divinae
871 4574 899 4620 et
910 4568 1034 4625 salutaris

243 4640 372 4702 doctrinar
391 4652 545 4722 participes,
558 4654 617 4710 brec
628 4654 789 4724 despiciatis,
803 4657 870 4713 etad
879 4657 923 4712 illa
936 4659 1032 4716 absur-

228 4735 350 4812 'tlisslma
360 4751 510 4798 commenta
521 4745 619 4801 animae
629 4746 778 4816 peruiciosa
788 4747 957 4820 conlegiatis,
968 4751 1032 4808 illud

239 4826 319 4900 lonqe
330 4831 515 4901 grauisdrnum
529 4845 580 4892 est.
594 4837 662 4904 Quid
676 4840 743 4894 euim
756 4841 819 4894 milri
834 4851 948 4897 cateruas
955 4843 1031 4913 judi-

133 4939 137 4948 ·
239 4919 347 4991 rorell.
361 4919 420 4977 Cor.
433 4925 462 4979 5.
476 4924 521 4994 ¹²l
532 4926 544 4979 i
555 4926 618 4982 tlibi
632 4929 702 5000 apud
724 4945 773 4986 uos
789 4947 878 4988 sermo
888 4942 938 4999 est,
953 4949 1032 4990 ιιιιιιι-

240 5012 287 5066 lua
300 5013 409 5081 Christi,
425 5016 473 5072 lilii
495 5019 633 5088 Ecclesiu,
646 5024 691 5093 qui
707 5025 734 5079 iu
754 5034 862 5097 paterna
875 5029 957 5088 domo
968 5048 1032 5088 eru·

238 5103 287 5159 diti
301 5108 377 5174 estis,
391 5117 420 5165 et
439 5109 590 5166 celestibus
608 5113 756 5186 disciplinis
776 5119 880 5185 iutbtttl,
894 5123 938 5190 qui
958 5131 1033 5178 tarrto

241 5195 344 5254 lrouore
364 5199 465 5272 diquati
480 5203 556 5260 estis.
576 5203 641 5263 ldco
660 5224 750 5279 gerno,
776 5211 836 5268 ideo
859 5215 1033 5271 lamentaret

239 5287 316 5356 ploro
329 5307 337 5344 r
351 5306 412 5347 uam
434 5294 561 5366 lacrymis
575 5297 652 5369 digna
676 5311 739 5356 surtt
763 5303 834 5368 laec,
852 5304 959 5372 quando
972 5306 1033 5376 qiris

240 5376 266 5432 in
282 5391 389 5449 peecata
403 5383 513 5452 decidit,
527 5404 587 5459 que
604 5391 681 5447 uenia
701 5393 780 5464 digno
800 5409 853 5450 non
874 5405 936 5449 sunt
951 5413 958 5450 ι
972 5413 1032 5465 quior

239 5472 328 5536 venia,
348 5478 455 5544 qrrando
478 5478 549 5537 lieus
569 5488 728 5542 sententiaro
752 5488 827 5555 dicit,
851 5487 1032 5546 eudemones

240 5566 435 5636 contradicunt,
460 5588 608 5648 corumque
626 5579 695 5636 dicta
718 5582 799 5638 etiam
815 5581 862 5636 bei
877 5580 1031 5637 domesticis

241 5654 294 5710 tute
307 5658 427 5729 diqrdora
447 5665 589 5726 ridentur?
607 5671 665 5728 lluu
680 5672 887 5742 disputationem
903 5673 955 5743 latu
976 5689 1032 5728 ruo·

242 5764 344 5820 ocutus,
360 5755 406 5811 scd
432 5759 538 5815 interim
560 5777 663 5835 eorunm,
683 5767 728 5837 quii
749 5767 813 5838 ipsis
834 5767 1028 5836 obtemperant,

1087 617 1193 672 eateude
1213 633 1315 672 martum
1335 628 1405 672 tueor
1417 617 1510 688 (Ereti.
1522 619 1575 680 ts.
1591 619 1652 691 l'l);
1669 620 1775 676 daemon
1793 620 1858 676 dicit
1872 638 1879 674 ι

1087 705 1144 762 Nou
1160 717 1201 762 est
1216 709 1242 762 iu
1257 715 1284 764 te
1295 709 1376 763 situm
1389 709 1535 765 extendere
1549 724 1669 774 ιιιιιιιιιιιι,
1692 710 1740 765 sed
1763 711 1882 766 rrecmsi·

1088 801 1266 870 tatequadam
1281 815 1312 857 sc
1325 800 1351 855 vi
1368 799 1421 856 boe
1439 801 1535 872 agitur.
1557 799 1591 856 Et
1612 799 1669 856 baec
1690 800 1736 858 tibi
1758 799 1883 856 uidentur

1089 890 1140 946 lude
1155 891 1276 962 digitium
1295 906 1356 948 csse
1372 908 1379 946 ι
1395 907 1481 962 ueqm
1499 891 1601 962 cogitas
1615 901 1742 962 qrrautum
1756 893 1792 948 sit
1813 891 1882 947 inter
1946 887 1949 893 '
2048 877 2051 892 “

1090 980 1240 1053 liujosmodi
1253 984 1420 1040 consultores
1432 983 1613 1050 interuallum,
1623 981 1694 1053 quod
1704 982 1748 1038 ille
1754 983 1790 1038 sit
1801 983 1882 1047 beas,

1088 1073 1132 1130 bie
1142 1089 1206 1130 uero
1221 1074 1326 1130 demon
1340 1089 1412 1130 :nou
1426 1074 1529 1130 consilii
1542 1073 1718 1132 didereutiant
1731 1073 1881 1136 examinat,

1088 1166 1160 1236 quod
1177 1167 1241 1223 illud
1254 1167 1370 1222 salutare
1384 1167 1419 1222 sit
1430 1177 1457 1222 et
1468 1166 1501 1223 ad
1515 1167 1639 1222 uirtutem
1653 1177 1742 1234 uocet,
1758 1165 1809 1221 boc
1819 1181 1885 1222 vero

1088 1257 1258 1325 diabolicum,
1270 1259 1304 1315 ad
1315 1260 1461 1330 nequitiam
1479 1269 1507 1315 et
1527 1260 1722 1328 improbitatem
1739 1260 1859 1315 excitans
1882 1275 1889 1312 :

1089 1365 1142 1405 uon
1157 1350 1321 1417 consideras,
1338 1367 1459 1420 tprrauratu
1475 1351 1550 1405 tibia
1573 1351 1638 1418 beo,
1654 1360 1682 1407 et
1699 1367 1821 1422 quterram
1835 1351 1884 1406 tibi
1908 1337 1911 1350 '

1089 1459 1103 1496 a
1116 1443 1239 1500 terrine
1248 1443 1309 1500 dritn
1323 1445 1394 1499 siut:
1411 1443 1481 1516 quod
1494 1444 1539 1499 ille
1548 1444 1656 1515 quidem
1667 1444 1702 1500 ita
1713 1453 1739 1500 te
1748 1443 1883 1508 dilexerit,

1089 1546 1119 1592 ut
1132 1549 1158 1593 et
1173 1537 1268 1592 Filium
1283 1553 1358 1592 suum
1373 1536 1537 1606 unigenitum
1553 1551 1601 1606 pro
1614 1547 1640 1592 te
1653 1536 1739 1598 daret,
1751 1551 1804 1607 quo
1816 1535 1884 1592 nibil

1091 1629 1160 1684 Patri
1182 1628 1324 1699 pretiosius
1345 1637 1412 1692 crat,
1432 1640 1513 1698 atque
1528 1629 1606 1682 ctiam
1624 1643 1694 1681 rrunc
1711 1627 1885 1692 leonnatus

1091 1731 1117 1776 to
1131 1737 1179 1790 per
1191 1720 1328 1790 apiostolus
1346 1735 1395 1791 pro
1414 1729 1457 1774 tua
1472 1719 1557 1774 salute
1572 1716 1738 1782 cobortetur,
1752 1726 1780 1772 et
1793 1716 1884 1772 ortuula

1093 1812 1185 1878 laciat;
1202 1812 1246 1867 ille
1260 1825 1325 1867 vero
1339 1811 1374 1865 ita
1387 1809 1449 1866 odio
1468 1809 1560 1864 babuit
1571 1817 1599 1864 et
1612 1806 1701 1872 habet,
1718 1817 1747 1862 ut
1760 1824 1807 1875 per
1823 1822 1884 1862 orn·

1091 1907 1132 1959 nia
1146 1915 1172 1960 te
1194 1905 1339 1974 impugnet,
1360 1917 1447 1973 neque
1466 1900 1546 1956 modo
1568 1916 1621 1955 urin
1640 1900 1687 1956 tibi
1706 1899 1804 1968 aliquid
1820 1897 1894 1956 bont.

1091 1997 1198 2062 tribuat,
1212 1996 1259 2052 sed
1280 1995 1360 2052 etiam
1372 1995 1406 2051 ab
1419 1995 1450 2050 iis
1463 2010 1522 2066 quse
1543 2009 1558 2048 a
1580 1995 1635 2048 lleo
1648 1993 1778 2062 accepisti
1797 2002 1823 2048 te
1837 2008 1885 2048 ex-

1090 2087 1197 2144 turbare
1208 2095 1341 2143 coutetur:
1357 2086 1403 2142 ille
1413 2096 1440 2142 te
1452 2086 1552 2156 augelis
1567 2099 1659 2156 parem
1673 2084 1761 2140 lacere
1770 2083 1883 2148 studuit,

1091 2179 1208 2234 trievero
1224 2177 1297 2232 buml
1317 2176 1472 2248 repentibus
1483 2184 1510 2234 te
1523 2176 1698 2247 abjectiorem
1710 2173 1810 2240 edocit,
1822 2173 1885 2228 tibi·

1089 2284 1142 2340 que
1155 2269 1286 2340 persuasit
1298 2278 1329 2324 ut
1352 2267 1397 2322 illa
1411 2267 1559 2324 adorares:
1574 2267 1618 2322 ille
1637 2267 1663 2320 in
1678 2279 1788 2336 regnum
1803 2263 1885 2318 carlo-

1090 2377 1149 2416 rum
1162 2360 1282 2431 aliosque
1295 2361 1411 2416 bonores
1427 2369 1452 2414 te
1464 2359 1603 2430 pertrabit,
1613 2356 1884 2414 lticrerohouoribus

1091 2453 1137 2510 tibi
1151 2453 1259 2508 collatis
1282 2451 1389 2519 inuidit,
1410 2466 1460 2508 nec
1480 2451 1554 2520 prius
1575 2450 1650 2520 abiit,
1664 2465 1744 2520 quam
1770 2459 1796 2505 re
1821 2447 1884 2504 inde

1090 2544 1209 2615 eiecerit.
1226 2543 1433 2612 Quianruiseuirn
1450 2541 1651 2614 illiusdoqmsta
1664 2542 1817 2612 perspicere
1828 2555 1882 2596 nou

1090 2637 1208 2710 possitis,
1220 2637 1324 2693 otianrsi
1339 2635 1397 2692 sole
1407 2637 1521 2692 clariora
1536 2636 1589 2692 aiut
1602 2635 1646 2701 iis,
1657 2635 1703 2706 quii
1714 2649 1826 2707 prorsus
1837 2649 1885 2690 su·

1088 2732 1144 2801 pini
1156 2747 1208 2786 nou
1227 2739 1289 2786 sum
1303 2747 1310 2784 :
1334 2731 1369 2786 ita
1383 2729 1555 2798 conspicuam
1574 2727 1674 2783 balrcnt
1688 2727 1743 2792 illa,
1757 2742 1817 2797 quee
1835 2726 1883 2782 liei

1089 2833 1162 2888 sunt,
1178 2824 1303 2878 uirtutem
1319 2831 1400 2894 atque
1413 2821 1544 2884 salutem
1571 2820 1615 2875 illa
1628 2834 1692 2874 xero
1713 2818 1858 2890 nequitiam
1874 2836 1882 2873 ι

1089 2924 1206 2972 attamen
1220 2914 1306 2970 sinon
1329 2913 1439 2985 potestis
1458 2912 1491 2966 ad
1511 2911 1554 2966 illa
1577 2912 1721 2980 respicere,
1740 2909 1833 2971 saltem
1848 2907 1884 2964 ab

1089 3009 1133 3074 iis,
1148 3009 1192 3078 qui
1211 3005 1352 3063 consilium
1378 3003 1455 3060 vobis
1470 3003 1545 3068 dutrt,
1558 2993 1654 3057 diseit'e
1670 2998 1734 3071 quid
1754 2999 1882 3065 salutare,

1089 3101 1152 3172 quid
1169 3101 1276 3156 noxium
1292 3101 1336 3154 sit.
1359 3096 1500 3164 Quomodo
1516 3096 1586 3150 enim
1597 3093 1741 3150 absurdum
1756 3105 1813 3148 uon-
1825 3090 1884 3146 lue-

1089 3195 1124 3249 rit
1147 3193 1250 3249 caeteris
1276 3192 1302 3247 iu
1321 3191 1400 3246 rebus
1415 3190 1465 3244 boc
1485 3189 1521 3244 ini
1542 3187 1678 3251 consilio,
1697 3193 1726 3241 ut
1750 3184 1773 3240 si
1795 3183 1883 3240 medi·

1088 3299 1136 3342 cus
1157 3285 1245 3341 cilium
1264 3283 1310 3338 det
1329 3283 1429 3350 alicui,
1450 3280 1557 3337 nonde
1582 3295 1615 3336 eo
1638 3279 1683 3334 ille
1708 3276 1815 3332 curiose
1841 3276 1882 3331 iu·

1088 3381 1196 3450 quirat,
1223 3377 1269 3432 sed
1292 3386 1320 3432 ιιι
1347 3375 1452 3431 sanitati
1476 3372 1669 3430 conducentem
1691 3369 1833 3437 accipiut;
1855 3365 1880 3422 sl

1088 3479 1176 3524 autern
1192 3465 1327 3523 verselleus
1339 3474 1366 3521 et
1383 3464 1568 3536 prestigiator,
1591 3476 1645 3517 uon
1661 3461 1772 3515 ιιιιιΙιιιιιι
1787 3457 1876 3527 inqui-

1087 3569 1139 3625 rat,
1154 3558 1200 3615 secl
1213 3557 1288 3628 quasi
1304 3571 1436 3614 uenenum
1450 3564 1478 3612 et
1491 3563 1592 3624 pestem
1611 3559 1765 3609 auersetur:
1780 3559 1808 3605 et
1820 3563 1882 3604 cum

1087 3651 1123 3708 de
1150 3653 1203 3706 lieo
1228 3649 1315 3722 agitur
1338 3663 1391 3704 uon
1413 3647 1508 3704 eodetu
1531 3644 1568 3700 uti
1592 3643 1699 3700 mediol
1720 3654 1882 3714 quamquam

1088 3753 1162 3800 tanto
1175 3745 1260 3811 majos
1275 3740 1442 3797 intervalium
1452 3749 1492 3796 est
1505 3738 1576 3793 iuter
1588 3737 1670 3791 bearn
1681 3743 1709 3789 et
1718 3732 1882 3797 daemonem,

1086 3854 1166 3909 quam
1180 3838 1250 3894 inter
1262 3833 1394 3890 medicum
1412 3840 1440 3888 ct
1458 3829 1618 3895 reuelleum,
1637 3834 1736 3897 quanto
1749 3839 1800 3878 uee
1812 3821 1876 3889 dici,

1088 3937 1236 3986 uccnreute
1246 3927 1288 3982 uel
1301 3919 1622 3992 sermoneeontprelroudi
1634 3925 1729 3988 potest.
1740 3912 1881 3984 Quomodo

1087 4021 1167 4092 igitur
1178 4034 1230 4073 unu
1246 4027 1372 4074 extrernrc
1385 4013 1464 4070 luserit
1474 4011 1658 4074 absurditatis,
1678 4007 1721 4062 ubi
1736 4004 1877 4060 minorest

1086 4093 1881 4180 eibospnrbeutlumdiliereutia,nonctrriusciuquirere.sed

1085 4207 1240 4264 conditione
1260 4217 1433 4275 personarum
1455 4200 1584 4256 universe
1596 4195 1724 4252 doctrinae
1738 4193 1799 4248 loeo
1815 4189 1854 4244 uti
1870 4204 1878 4240 ι

1086 4297 1130 4352 ubi
1140 4308 1227 4352 autem
1240 4293 1452 4351 consiliariorum
1461 4296 1561 4344 ιιιιιιιιιι
1572 4295 1614 4343 est
1622 4285 1775 4347 discrimen,
1785 4281 1884 4337 adlter-

1086 4392 1259 4458 tatioueupos
1273 4385 1381 4446 babere,
1390 4391 1419 4438 nt
1433 4381 1594 4450 intelligatur
1606 4375 1668 4450 quid
1681 4371 1881 4442 salutareque

1087 4483 1194 4539 noxium
1217 4477 1268 4534 siti
1292 4475 1340 4542 Ne,
1362 4489 1464 4546 quaeso,
1488 4487 1522 4528 ue
1543 4467 1767 4526 irrationabilibus
1789 4464 1882 4520 bestiis

1087 4569 1323 4629 irrationabiliores
1338 4567 1437 4630 simus;
1459 4562 1506 4619 sed
1521 4561 1681 4624 resiliamus,
1696 4571 1745 4612 nee
1759 4555 1881 4625 pratbea-
1963 4557 1968 4571 ¹

1087 4681 1146 4722 mus
1159 4677 1259 4719 ourcs:
1278 4675 1339 4716 nom
1360 4658 1532 4728 Corrumpunt
1554 4669 1638 4708 utores
1657 4650 1735 4707 banea
1756 4646 1882 4718 colloquia

1087 4773 1165 4828 prum
1179 4753 1217 4827 (l.
1233 4749 1293 4810 Gor.
1317 4751 1357 4806 lii.
1374 4749 1445 4820 ddlt
1468 4759 1553 4815 ireque
1576 4742 1679 4796 reniam
1706 4746 1883 4808 assequentur

1085 4847 1130 4918 qui
1144 4845 1247 4912 decepti
1262 4849 1333 4897 sunt.
1349 4842 1402 4896 Cur
1416 4837 1486 4914 otriru
1500 4835 1522 4892 si
1537 4833 1704 4903 pestilentem
1713 4837 1742 4885 et
1753 4827 1880 4884 iniectum

1087 4939 1174 4995 locum
1188 4937 1290 4996 videos,
1301 4934 1354 4989 illic
1364 4931 1511 4988 consistere
1522 4925 1634 4994 relegis,
1642 4921 1744 4979 etiamsi
1756 4928 1881 4976 sexcenta

1087 5042 1113 5086 te
1138 5028 1172 5085 ad
1199 5028 1269 5082 illam
1297 5023 1486 5078 liniritationcur
1508 5016 1679 5089 pertrahant,
1708 5011 1882 5082 corporisque

1086 5119 1264 5177 valetudinem
1278 5116 1383 5171 centoris
1403 5112 1527 5168 orrrnibus
1540 5107 1700 5178 autepouls;
1715 5119 1775 5160 cum
1791 5113 1880 5158 auteur

1086 5226 1209 5268 erutione
1230 5207 1361 5279 pestilcuti
1375 5213 1455 5276 atque
1470 5202 1564 5258 uuubo
1579 5199 1685 5270 quidam
1700 5195 1880 5282 suntrolrrti,

1085 5319 1145 5375 quae
1160 5319 1211 5357 uou
1226 5316 1323 5369 eorpus
1339 5309 1452 5362 tautum,
1466 5295 1513 5352 seul
1533 5294 1613 5351 etiarn
1626 5291 1741 5348 animam
1756 5287 1879 5358 perrluut,

1085 5410 1198 5465 canique
1211 5395 1370 5450 ‹leteriurctu
1387 5407 1419 5446 ac
1439 5391 1560 5444 uiliorem
1581 5385 1705 5450 redtluut,
1725 5399 1777 5437 uuu
1793 5391 1881 5434 tarrrcn

1086 5487 1193 5544 resilis?
1205 5487 1284 5552 Audi,
1309 5485 1394 5556 iuquit
1414 5484 1522 5552 supieus
1540 5479 1646 5550 qrtltlnur
1660 5478 1711 5540 vir,
1727 5491 1759 5529 ue
1772 5471 1879 5528 steterit.

1085 5579 1130 5633 sed
1141 5579 1219 5644 resili,
1240 5595 1271 5634 ue
1291 5575 1431 5632 tnrdnuerr't
1449 5573 1539 5644 (l'roo.
1555 5573 1582 5627 b.
1600 5569 1645 5639 ts)
1660 5586 1667 5622 :
1681 5567 1723 5622 vel
1744 5565 1880 5626 trtiuiruatu

1087 5673 1113 5725 lu
1125 5671 1166 5728 bis
1180 5681 1267 5726 tuctur
1282 5687 1393 5726 turoturu.
1407 5667 1468 5722 lltec
1480 5681 1558 5737 porro
1567 5664 1690 5725 eliciturus,
1706 5675 1757 5714 ttou
1768 5657 1878 5726 ‹iugurru-

1087 5771 1141 5818 tum
1165 5763 1268 5818 illorum
1294 5764 1345 5816 ritu
1367 5759 1581 5825 reformidantes,
1604 5754 1649 5811 secl
1670 5752 1878 5808 ituboclllitutern
