4142 6342
142 1010 146 1017 '
159 1013 252 1072 subiit.

81 492 85 500 ¹
137 389 213 490 '335
290 456 297 468 .
890 376 1080 481 remmom.
1212 421 1215 429 ’
1263 434 1265 437 ·
1757 361 1819 497 sas·

159 558 259 614 censa;
281 508 427 617 etquidem
445 536 554 615 duplex,
569 534 624 598 imo
637 524 744 613 triplex,
765 502 797 596 ae
816 537 955 608 multiplex
1013 536 1048 593 ad
1060 537 1152 593 luxum
1164 535 1299 615 animique
1318 534 1513 615 remissionem,
1528 546 1556 605 e't
1574 540 1655 607 molle
1671 564 1705 608 ae
1720 550 1809 609 disso-
1846 530 1852 539 ’
1932 544 1935 551 ’

141 632 212 696 ‘troc
230 636 332 695 beilum
353 639 419 693 erat.
435 634 528 707 Neque
540 635 612 691 enirn
626 633 688 706 quia
702 633 771 689 retia
791 630 861 687 salto
874 646 957 702 supc-
1011 628 1095 686 lutum
1110 632 1171 687 ritae
1182 650 1267 707 genus
1282 647 1421 725 vocentpr,
1441 641 1590 713 promptius
1609 658 1751 702 accurrere
1765 662 1811 702 so·

160 738 240 804 nvp,
265 748 297 791 ρο
309 733 384 816 previ
398 731 530 805 temporis
551 724 651 803 puncto
672 716 797 801 laqueum
818 726 955 802 dissecuit,
991 714 1079 779 iere.
1096 724 1133 779 At
1145 740 1199 782 non
1214 726 1259 783 ille
1274 745 1282 783 ε
1296 743 1389 786 rerum
1415 732 1581 790 tolerantiam
1604 745 1758 795 constanter
1779 730 1810 796 in

142 825 261 886 ‘idcirco
284 842 347 884 eum
368 824 421 883 boe
442 832 579 881 certarnen
604 823 664 882 sine
694 821 787 879 labore
809 819 958 882 coniecisse
992 814 1136 900 'omnibus
1149 816 1231 875 rebus
1244 826 1299 889 prae
1311 837 1341 878 se
1354 820 1422 879 tulit.
1436 822 1568 898 Equidem
1579 825 1651 886 bunc
1660 828 1810 887 thalamum

159 922 299 979 existimes
324 938 331 976 :
355 916 487 992 siquidem
512 919 648 990 ingentem
671 914 799 972 sudorem
823 914 850 971 in
872 928 905 969 ea
925 926 958 969 re
1010 916 1038 964 et
1050 908 1239 983 babylonicam
1253 913 1399 982 fornacem,
1413 925 1440 973 et
1452 916 1569 977 Danielis
1581 920 1666 981 lacum
1686 923 1809 994 leonum,

1009 1010 1038 1059 et
1051 1006 1161 1061 marinae
1176 1004 1273 1079 belluae
1286 1019 1417 1079 ventrem,
1429 1011 1457 1067 in
1467 1028 1547 1086 quem
1558 1016 1688 1089 propbeta
1702 1020 1807 1089 incidit,

197 1106 244 1164 η,
265 1106 304 1163 ge
315 1107 339 1164 st
356 1105 385 1163 id
405 1102 546 1179 perspicue
559 1102 629 1160 seire
640 1099 689 1158 tibi
702 1100 776 1158 cordi
791 1106 842 1167 est,
855 1099 957 1171 cogites
1010 1096 1145 1167 appellare
1168 1096 1239 1155 baud
1254 1098 1375 1159 dubitem
1392 1118 1400 1157 a
1422 1102 1478 1161 imo
1489 1106 1569 1165 etiam
1583 1107 1626 1165 bis
1647 1108 1726 1183 longe
1746 1128 1810 1185 gra-

159 1200 240 1259 reiim
259 1200 409 1275 cujusmodi
428 1214 472 1256 res
486 1199 521 1255 sit
531 1197 668 1271 juventus,
681 1208 714 1251 ac
725 1192 875 1267 juventutis
894 1188 955 1247 ilos.
1009 1186 1123 1245 riorem.
1135 1188 1191 1245 illie
1201 1190 1273 1247 enim
1282 1192 1404 1263 eorporis
1417 1192 1541 1255 interitus
1552 1197 1709 1259 insidiarum
1722 1205 1809 1260 victo-

158 1296 227 1354 ΝΜ
246 1301 303 1353 ,um
322 1295 351 1351 gn
366 1294 424 1365 ppgo
436 1289 586 1363 juventutis
596 1288 662 1346 flore
677 1296 752 1346 erat:
768 1300 821 1358 quo
836 1290 957 1357 tempore
996 1277 1050 1339 ,ria
1064 1288 1122 1337 erat
1138 1298 1144 1337 :
1159 1279 1203 1339 bic
1215 1292 1304 1340 autem
1318 1286 1416 1343 animae
1429 1288 1551 1357 exitium,
1564 1302 1592 1350 et
1611 1310 1684 1351 mors
1706 1283 1810 1371 sempi-

159 1388 248 1444 προ,
260 1396 362 1443 „aqum
375 1384 483 1441 flamma
496 1382 641 1450 excitatur,
659 1394 713 1453 quo
731 1378 825 1451 ingens
837 1360 956 1458 libidinis
1011 1380 1096 1439 terna,
1108 1380 1136 1429 et
1147 1374 1286 1438 calamitas
1303 1378 1392 1437 omnis
1408 1381 1600 1441 consolationis
1627 1402 1732 1457 expers.
1753 1388 1811 1447 Nec

146 1469 315 1551 ,empesm'
337 1492 391 1549 quo
412 1473 529 1547 gensque
551 1483 673 1547 rempore
698 1469 858 1528 imbecillior
871 1469 955 1536 ratio.
994 1467 1074 1539 [vero
1086 1464 1223 1525 dumtaxat
1237 1467 1290 1525 boc
1303 1470 1411 1529 nomine
1424 1476 1512 1547 gravis
1526 1490 1559 1535 ac
1578 1479 1746 1551 periculosus
1764 1480 1811 1541 iric

144 1592 150 1601 ,
157 1572 289 1630 ,menum
307 1570 379 1627 enim
394 1568 476 1640 ,nimi
498 1583 552 1634 ¹1⁰ss
566 1565 711 1623 admodum
724 1576 822 1635 magno
836 1560 955 1635 pruden-
995 1555 1083 1636 ]laeus
1096 1560 1164 1627 erat,
1179 1560 1322 1619 sedetiam
1338 1564 1397 1635 quia
1411 1574 1511 1642 praeter
1533 1568 1585 1626 rim
1603 1586 1636 1628 ae
1659 1569 1750 1630 dolum
1764 1572 1809 1631 in·

145 1670 149 1681 .
158 1668 202 1724 tim
223 1664 352 1740 praesfflio
370 1664 538 1733 munium„
551 1678 601 1719 „ec
622 1676 749 1736 magnum
773 1658 877 1717 ,qqqqg
896 1665 956 1718 sqq.
993 1647 1085 1743 :genti
1099 1664 1204 1724 quoque
1219 1652 1330 1711 libidine
1344 1656 1439 1729 plenus
1457 1668 1524 1729 erat,
1540 1662 1680 1737 multoque
1693 1681 1727 1723 ac
1741 1654 1813 1725 rnul-

144 1749 149 1756 ›
158 1760 231 1818 dmm
244 1766 360 1831 gemm:
377 1772 470 1814 verum
485 1767 512 1813 e,
526 1756 668 1813 affectuum
685 1765 828 1831 ,emtas
840 1751 957 1810 gropp),-
994 1739 1092 1833 ¹tipiici
1104 1742 1174 1813 igne,
1192 1760 1244 1800 nou
1259 1762 1357 1819 eorpus
1371 1762 1476 1821 urente,
1493 1768 1584 1811 rerum
1595 1758 1711 1815 animam
1722 1760 1812 1832 ipsam

145 1854 208 1920 est,
223 1860 250 1909 et
269 1851 349 1918 ratio,
360 1866 421 1923 quae
435 1864 482 1907 eas
495 1850 628 1922 gubernat
648 1862 680 1905 ac
699 1846 864 1915 moderatur,
878 1829 955 1903 inilr·

145 1934 293 2003 'mion'dd
307 1954 431 2002 naturam
445 1952 535 2001 autern
554 1952 582 2000 et
602 1950 707 1999 aetatem
728 1940 792 1999 illud
812 1942 893 1999 etiam
907 1956 954 1999 ae·

157 2040 279 2106 cedebat,
297 2029 369 2113 quod
391 2041 485 2111 ingens
503 2038 625 2095 mulieris
644 2036 807 2107 impudicitia
830 2045 898 2093 erat.
920 2034 957 2093 Et

144 2126 227 2191 ³sieut
238 2132 355 2190 Persicae
371 2118 424 2188 illae
435 2146 529 2187 marrus
542 2129 733 2203 babylonicam
747 2127 882 2184 fornacem
896 2141 955 2182 ma·

157 2242 210 2300 gno
231 2224 321 2283 studio
338 2207 537 2291 accendebant,
558 2221 694 2291 copiosam
719 2218 774 2293 igni
799 2218 954 2274 alimoniam

145 2320 318 2392 praebentes,
341 2334 373 2375 ac
397 2318 486 2373 varios
506 2312 744 2379 dammmsiomitcs
763 2312 954 2391 admoventesa

147 2412 252 2472 'eodem
270 2426 378 2484 quoque
392 2408 473 2466 modo
488 2418 552 2465 tunc
571 2406 666 2464 lnielix
686 2406 732 2463 ilia
754 2415 783 2463 et
802 2421 955 2463 aerumnosa

129 2527 139 2545 ·
156 2506 255 2562 mulier
268 2503 403 2561 ilammam
418 2504 527 2558 iornace
539 2500 584 2556 illa
602 2500 754 2573 grauiorem
766 2515 798 2555 ac
818 2499 954 2571 periculo·

155 2598 256 2653 siorem
276 2593 451 2668 accendebat,
467 2599 602 2664 unguenta
620 2592 746 2648 nimirum
770 2592 856 2660 olens,
869 2607 954 2663 gena·

58 2659 59 2694 r
157 2706 218 2747 rum
228 2688 385 2761 pigmentis,
399 2685 541 2768 oculorum
554 2686 674 2758 picturis,
690 2685 773 2742 inacta
786 2696 813 2742 et
827 2694 955 2745 enervata

156 2796 234 2851 rooe,
249 2779 376 2846 motibus,
395 2775 560 2853 ingressibus
583 2778 734 2848 lasciviens,
750 2778 823 2836 molli
844 2780 952 2850 vestitu,

157 2891 215 2956 aun
227 2874 341 2948 ambitu,
353 2888 387 2950 ac
407 2872 541 2929 sexcentis
561 2870 621 2928 aitis
639 2871 760 2943 eiusdem
774 2874 880 2946 generis
894 2874 954 2931 iile·

145 2963 246 3024 cebris
260 2975 291 3024 et⁴
301 2964 455 3037 imposturis
469 2962 692 3021 adolescentema
705 2974 795 3021 mente
805 2962 952 3037 deducens.

145 3039 191 3117 'iit
202 3058 428 3134 quaemadmodum
441 3056 543 3131 peritus
555 3057 663 3130 qnidam
671 3068 793 3125 recator,
802 3059 858 3115 iera
873 3050 954 3131 captu

146 3150 258 3211 diillcili
279 3152 358 3224 potiri
372 3149 493 3219 studens,
509 3151 598 3206 omnia
619 3148 686 3207 artis
706 3150 884 3209 instrumenta
902 3137 953 3222 ad·

154 3252 266 3302 moret:
282 3245 321 3301 sic
335 3245 401 3316 ipsa,
415 3234 522 3316 juvenis
542 3240 698 3317 pudicitiam
718 3248 886 3316 perspectam
904 3244 955 3301 ba-

151 3336 223 3391 bens
235 3334 307 3406 (nec
318 3332 389 3391 enlm
401 3348 434 3391 ea
450 3332 502 3405 ipsi
515 3340 590 3390 tanto
604 3341 725 3407 tempore
739 3334 875 3408 incognita
893 3350 954 3409 esse

155 3424 298 3501 poterat),
319 3421 419 3498 ingenti
438 3422 489 3483 sibi
514 3422 548 3483 ad
567 3423 695 3501 juvenem
719 3424 747 3483 in
771 3430 952 3501 captivitatem

157 3517 330 3591 redigendum
340 3526 468 3589 apparatu
486 3532 553 3591 opus
565 3532 627 3593 esse
640 3518 778 3591 judicarit,
788 3520 827 3596 ¹ob
840 3533 953 3593 eamque

57 3599 60 3634 ‘
150 3626 264 3668 musam
277 3608 349 3666 nulia
369 3608 488 3667 libidinis
508 3608 632 3669 maebina
647 3619 706 3668 erut
723 3626 802 3685 quam
816 3626 871 3669 non
891 3628 951 3670 mo-

58 3694 59 3728 r
156 3710 241 3759 reret.
257 3702 297 3759 de
317 3716 351 3759 ne
365 3699 424 3758 baec
435 3700 544 3791 quidem
563 3701 629 3760 satis
641 3718 701 3761 esse
719 3704 831 3774 ducens,
848 3713 952 3779 tempus

155 3796 266 3867 irrsuper
278 3803 306 3852 et
321 3794 409 3852 locum
431 3794 466 3851 ad
487 3794 605 3867 praedam
623 3797 774 3868 appositum
788 3798 950 3869 requirebat.

58 3885 59 3916 ³
154 3888 336 3959 Quamobrem
352 3887 422 3944 baud
436 3888 526 3944 statim
547 3897 627 3959 atque
647 3901 678 3945 se
697 3889 781 3961 ipsius
800 3902 895 3948 amore
907 3906 953 3947 ca·

158 3986 232 4051 ptam
244 3994 305 4037 esso
322 3981 418 4048 sensit,
431 3994 492 4036 eum
505 3978 599 4036 adorta
613 3988 655 4037 est
667 3996 675 4035 ι
689 3994 781 4037 rerum
794 3980 840 4037 dtu
854 3972 950 4055 exspess

157 4073 249 4137 ctavit,
262 4072 410 4143 improbam
424 4072 496 4129 banc
509 4072 682 4145 cupiditatem
699 4072 862 4143 parturiens,
872 4088 904 4131 ae
922 4090 953 4133 se

58 4173 59 4176 ’
154 4182 318 4239 comparans
333 4185 340 4223 ε
355 4166 427 4239 quod
444 4176 595 4235 sereretur,
610 4180 656 4233 ne,
665 4167 690 4223 si
699 4165 863 4224 celeritatem
876 4167 952 4225 adbi-

156 4260 243 4329 berct,
254 4272 286 4316 ac
298 4259 469 4315 tumultuarie
489 4256 599 4315 insidias
617 4258 766 4335 moliretur,
780 4260 872 4333 praeda
883 4258 951 4317 eliu·

58 4353 59 4386 r
156 4361 242 4425 geret.
255 4352 323 4409 Cum
338 4360 426 4409 autem
440 4350 583 4423 aliquando
596 4365 658 4409 curn
672 4352 744 4408 domi
764 4354 850 4421 sotem
874 4352 951 4411 inve.

153 4442 340 4501 nisset'soiitis
360 4453 499 4501 vacantem
522 4443 614 4513 rebus,
627 4443 731 4501 lorcam
750 4442 951 4517 profundiorem

155 4537 212 4608 jaro
232 4536 310 4606 iodlt,
325 4550 357 4593 ac
381 4534 524 4608 rolrrptatis
551 4536 647 4609 pennis
672 4532 789 4609 undique
815 4537 951 4611 expansis,

58 4639 59 4644 ’
157 4643 293 4705 tamquam
313 4632 409 4691 mediis
429 4632 531 4690 retibus
553 4631 731 4703 interceptum
753 4630 878 4701 iuvenem
902 4629 951 4687 ba-

58 4727 60 4762 l

155 4724 236 4798 bens,
249 4727 352 4801 irrepit,
368 4744 400 4786 ac
421 4726 477 4785 sola
499 4726 585 4785 solum
609 4736 703 4792 nacta3
726 4727 781 4782 irno
802 4721 950 4782 noneolas

156 4835 220 4879 nam
233 4828 262 4879 et
274 4832 380 4880 aetatem
400 4832 428 4879 et
445 4830 569 4878 naturam
591 4833 623 4875 ae
640 4816 756 4891 denique
779 4832 842 4875 suas
867 4817 954 4891 ipsius

153 4912 297 4975 machinas
316 4918 405 4974 socias
419 4912 551 4981 babebat;
576 4925 738 4985 generosum
759 4909 834 4966 ilium
859 4910 952 4967 adole·

58 5011 59 5040 ²
155 5018 277 5068 suentem
288 5010 322 5067 ad
336 5008 469 5067 nefarium
483 5007 644 5077 lacinusper
654 5004 707 5061 rim
719 5002 849 5074 deinceps
859 5000 951 5059 trabit.

58 5099 59 5134 i
156 5100 229 5169 qaas
247 5100 299 5158 sse
320 5102 468 5159 enarrans
487 5098 615 5173 gavassa
638 5094 702 5170 quta
718 5094 770 5153 uae
789 5094 899 5151 ternae
920 5101 954 5151 ae
1005 5086 1060 5136 tem
1081 5080 1133 5137 hoe
1154 5094 1259 5152 auoque
1280 5078 1381 5139 bellum
1401 5082 1521 5155 sursit
1543 5094 1622 5159 aque
1646 5090 1689 5148 nn
1707 5095 1801 5167 etiam,

1009 1832 1201 1899 inflammante.
1227 1838 1256 1896 td
1278 1841 1348 1913 quod
1372 1846 1453 1901 etiam
1468 1838 1621 1927 Salomon,
1645 1844 1707 1923 qui,
1728 1870 1811 1925 quam

1009 1929 1191 1999 periculosum
1212 1932 1246 1987 sit
1260 1948 1321 1989 eum
1342 1934 1454 1992 muliere
1474 1939 1645 1998 matrimonio
1666 1958 1728 2000 eum
1750 1945 1812 2015 viro

1010 2022 1134 2091 copulata
1146 2022 1283 2095 congredi,
1301 2026 1416 2082 maxime
1429 2042 1600 2099 perspectum
1613 2030 1749 2103 babebat,
1766 2034 1811 2094 bis

1007 2110 1097 2180 uerbis
1117 2123 1229 2171 testatur
1253 2134 1259 2171 :
1283 2116 1346 2197 Quis
1361 2100 1476 2193 ollipebit
1498 2121 1582 2195 ignens
1596 2124 1623 2179 irs
1642 2127 1700 2181 sinu
1715 2144 1772 2195 sero,
1785 2135 1812 2187 et

1007 2204 1154 2263 vestimento
1176 2208 1231 2280 ejus
1252 2225 1303 2264 narr
1325 2209 1471 2267 ardebunt?
1493 2215 1549 2285 quis
1570 2202 1709 2273 ambulabit
1732 2206 1812 2297 saper·

1008 2314 1115 2369 munos,
1130 2307 1155 2354 et
1169 2299 1243 2371 pedes
1256 2302 1316 2375 ejus
1325 2318 1376 2357 troo
1388 2302 1588 2363 comburentur?
1609 2308 1750 2373 Sieomnis
1762 2294 1810 2385 qui

1007 2386 1150 2461 ingreditur
1161 2390 1197 2445 od
1209 2385 1341 2449 mulierem
1363 2396 1473 2467 proximi
1487 2397 1537 2467 sui,
1551 2416 1602 2455 nort
1624 2402 1672 2457 erit
1686 2380 1808 2474 mundus,

998 2493 1067 2546 ‚mem
1081 2482 1189 2555 tetigerit
1202 2500 1258 2538 eom
1274 2483 1364 2558 (eros.
1386 2486 1413 2544 d.
1427 2486 1535 2564 atas).
1556 2490 1633 2560 Quod
1654 2504 1744 2553 autem
1758 2499 1809 2567 ait,

1007 2568 1077 2627 banc
1101 2574 1261 2659 sententiam
1278 2576 1372 2634 babet:
1386 2578 1615 2649 Quemadmodum
1629 2584 1686 2643 lieri
1705 2579 1809 2661 nequit,

1007 2670 1036 2718 nt
1048 2662 1093 2735 qni
1108 2664 1135 2721 in
1151 2647 1213 2738 igne
1223 2676 1355 2737 versatur,
1371 2686 1426 2729 non
1440 2676 1597 2733 exardescat
1611 2695 1618 2733 ε
1632 2679 1671 2736 sic
1685 2696 1735 2737 nec
1750 2682 1810 2743 lieri

998 2746 1106 2826 'potest,
1119 2765 1149 2813 ut
1168 2758 1213 2830 qul
1227 2763 1448 2821 consuetudinem
1469 2781 1530 2823 eum
1545 2767 1653 2829 leminis
1666 2772 1756 2844 babet,
1767 2776 1811 2851 in·

1006 2836 1130 2904 cendium
1145 2851 1217 2922 quod
1230 2847 1294 2909 binc
1308 2854 1395 2912 oritur
1413 2855 1532 2931 effugiat.
1548 2858 1597 2921 ilic
1622 2873 1716 2921 autem·
1734 2868 1811 2941 quoti.

998 2939 1091 2999 'multo
1105 2942 1213 3014 gravius
1228 2953 1287 3003 erat
1308 2950 1443 3007 sustinuit.
1457 2948 1515 3008 Non
1529 2952 1601 3012 enirn
1616 2970 1676 3017 eam
1691 2960 1750 3031 ipse
1763 2970 1808 3019 at·

1005 3033 1075 3105 tigit,
1089 3050 1182 3093 rerum
1205 3036 1239 3094 ab
1262 3054 1295 3097 ea
1313 3038 1495 3115 detinebatur,
1517 3049 1592 3104 solus
1613 3064 1629 3105 a
1651 3050 1708 3109 sola
1729 3068 1808 3113 eom-

1005 3118 1154 3200 prebensus
1167 3150 1174 3188 ι
1186 3130 1277 3205 idque,
1292 3150 1353 3192 enm
1372 3137 1428 3211 jam
1442 3147 1481 3195 tot
1500 3141 1694 3203 mlansitatibus
1715 3128 1809 3218 conie-

1005 3228 1075 3288 ctas,
1088 3232 1126 3278 tot
1138 3224 1241 3282 insidiis
1255 3226 1371 3287 afflictus
1383 3240 1465 3303 esset,
1478 3249 1510 3292 ac
1524 3236 1653 3309 requietis
1664 3249 1693 3297 et
1704 3234 1809 3305 tecutis·

1006 3312 1068 3367 tatis
1080 3314 1225 3388 cupiditate
1241 3326 1389 3377 teneretur.

1006 3480 1012 3490 Ι
1042 3403 1085 3462 ta.
1105 3406 1138 3462 Et
1159 3415 1258 3477 tamen,
1280 3427 1341 3467 cum
1362 3410 1432 3470 inter
1446 3423 1486 3473 tot
1507 3418 1574 3474 retia
1596 3413 1807 3497 versaretur,ao

1005 3500 1179 3572 multiplicem
1194 3502 1279 3560 ieram
1293 3505 1424 3579 impetum
1444 3512 1470 3566 in
1484 3528 1514 3569 se
1528 3510 1628 3585 faeere,
1645 3528 1672 3575 et
1683 3520 1756 3576 omni
1771 3495 1811 3584 e⁸x¹

1002 3590 1081 3675 parte
1094 3606 1125 3650 se
1134 3594 1235 3652 laniare
1249 3598 1429 3670 conspiceret,
1444 3618 1492 3673 per
1507 3612 1617 3677 tactum,
1633 3625 1682 3683 per
1699 3592 1806 3687 roeem',

1004 3698 1054 3768 per
1063 3685 1167 3755 oculos,
1181 3702 1229 3759 per
1241 3686 1332 3745 iucem
1352 3698 1379 3747 et
1398 3694 1545 3766 pigmenta,
1560 3713 1609 3769 per
1621 3716 1702 3757 aurea
1722 3718 1806 3761 orna-

1004 3788 1106 3846 menta,
1120 3792 1169 3863 per
1183 3791 1328 3851 unguenta,
1343 3798 1390 3855 per
1406 3784 1570 3867 indumenta,
1583 3805 1631 3860 per
1643 3809 1742 3864 merres,
1756 3812 1806 3867 per

1005 3870 1099 3939 uerba,
1119 3886 1168 3942 per
1180 3874 1309 3931 mundum
1326 3876 1482 3934 muliebrem
1503 3896 1582 3955 quem
1602 3886 1734 3957 gestabat,
1756 3905 1806 3961 pet·

1004 3960 1179 4021 solitudinem
1194 3980 1254 4035 quae
1269 3963 1295 4020 id
1314 3964 1443 4024 afferebat
1464 3980 1494 4026 ut
1518 3987 1597 4029 nemo
1612 3971 1638 4032 id
1652 3978 1722 4036 seire
1741 3995 1805 4056 pos-

1003 4060 1056 4123 set,
1069 4068 1118 4125 per
1130 4070 1206 4127 opes,
1220 4058 1427 4129 perpotentiam
1439 4078 1448 4129 ;
1462 4078 1494 4119 ac
1518 4072 1615 4136 praeter
1636 4085 1668 4126 ee
1690 4072 1758 4145 ipsa,
1774 4065 1804 4132 ut

1003 4146 1127 4216 superius
1141 4160 1157 4203 a
1174 4148 1331 4205 mediatum
1343 4161 1393 4219 est,
1403 4162 1527 4225 ¹aetatem,
1544 4169 1675 4229 naturam,
1685 4166 1805 4223 servitu-
1855 4156 1857 4162 Α

1005 4248 1070 4303 tem,
1084 4248 1165 4313 atque
1175 4242 1202 4298 in
1217 4242 1303 4299 aliena
1316 4245 1425 4317 regione
1438 4252 1687 4324 commorationem,
1702 4258 1742 4315 rei
1755 4275 1803 4333 gc-

1004 4332 1095 4389 rendae
1108 4334 1196 4391 socias
1208 4334 1318 4393 baberet
1335 4356 1342 4392 r
1360 4354 1468 4396 omnem
1482 4342 1554 4399 illam
1569 4343 1703 4405 dammam
1719 4368 1802 4427 supe-

1004 4424 1082 4480 ravit.
1099 4424 1156 4497 Ego
1168 4437 1233 4482 uero
1245 4426 1316 4483 banc
1330 4430 1505 4489 tentationem
1519 4443 1546 4490 et
1560 4436 1672 4496 iratrum
1686 4441 1802 4517 invidia,

1003 4526 1032 4575 ct
1045 4518 1256 4591 propinquorum
1269 4520 1342 4589 odio,
1357 4528 1385 4578 et
1404 4524 1565 4596 venditione,
1580 4538 1608 4587 et
1625 4530 1803 4597 barbarorum

1004 4608 1155 4682 dominatu,
1170 4621 1197 4669 et
1218 4614 1298 4687 ionga
1314 4608 1540 4690 peregrinatione,
1556 4632 1584 4678 et
1602 4622 1628 4679 in
1651 4626 1737 4682 aliena
1759 4644 1804 4686 re-

1003 4704 1314 4778 gionecommoratione,
1324 4717 1515 4782 eteareere,et
1525 4721 1665 4782 catenam
1675 4718 1802 4777 diuturno

1005 4808 1136 4872 tempore,
1152 4808 1180 4856 et
1197 4799 1322 4857 omnibus
1337 4804 1473 4873 aerumnis,
1486 4806 1584 4879 quibus
1598 4806 1652 4866 illie
1664 4810 1803 4870 condicta-

1006 4902 1048 4949 tus
1063 4900 1114 4963 est,
1126 4892 1211 4951 multo
1225 4894 1375 4967 graviorem
1390 4910 1451 4953 esse
1460 4898 1590 4955 conllrmo
1602 4917 1609 4957 ι
1623 4901 1754 4976 siquidem
1767 4906 1803 4964 de

1005 4987 1133 5043 extremis
1155 4986 1301 5057 periculum
1321 4984 1372 5059 ipsi
1393 4990 1544 5046 creabatur.
1560 4990 1737 5067 Posteaquam
1752 5013 1802 5056 au-

58 5195 59 5222 }
127 5190 267 5248 anamma
285 5190 471 5249 vehementius
490 5200 520 5248 et
540 5192 641 5258 aenne·
658 5191 783 5261 iuvenem
807 5188 951 5261 rigentem,
1006 5183 1062 5232 tum
1089 5172 1136 5231 bei
1161 5176 1256 5248 gratia,
1280 5185 1335 5233 tum
1359 5174 1466 5248 juvenis
1481 5178 1653 5257 uirtutebic
1679 5186 1802 5247 roscidus

58 5301 59 5304 ¹
157 5296 280 5353 serrum
296 5282 888 5350 destitutnm,urbeearentcm,errranenm‚
903 5292 952 5336 ex·
1005 5264 1320 5341 spiritusperilansiuitr
1336 5270 1584 5346 tanta'enimineo
1600 5274 1802 5351 tranquillitatis

58 5379 59 5394 ¹
158 5373 383 5442 satemabtrera
396 5370 954 5445 usqueadeoiibidinosaetiurcnte,tars·
1006 5360 1089 5416 animi
1103 5370 1129 5416 et
1140 5360 1273 5432 pudicitiae
1284 5360 1359 5433 eopia
1374 5371 1442 5433 erat,
1458 5373 1486 5418 ut
1499 5364 1579 5421 etiarn
1599 5368 1671 5425 iliius
1681 5370 1801 5431 imorem

157 5468 196 5524 tis
208 5466 304 5537 opibus
323 5472 451 5537 tantaque
463 5463 582 5536 potentia
603 5459 815 5529 circumfluente,
831 5459 859 5515 in
880 5466 953 5517 tanta
1006 5454 1184 5525 comprimere
1203 5463 1231 5512 et
1252 5455 1423 5527 exstinguere
1444 5457 1592 5525 studuerim
1615 5470 1801 5537 posteaquam,

158 5561 304 5636 solitudine
326 5559 405 5635 (nam
418 5560 471 5617 boc
484 5570 592 5631 quoque
606 5554 640 5612 ad
652 5550 804 5627 bulmmodi
815 5560 954 5625 ειριριιιι
1007 5544 1127 5621 inquam,
1141 5548 1198 5621 ipse
1219 5546 1334 5604 intactus
1354 5547 1483 5619 excessit,
1499 5566 1551 5605 non
1579 5536 1662 5639 secus·=
1678 5556 1803 5615 videlicet

158 5653 313 5733 conducit),
328 5662 482 5725 correptum
495 5649 583 5708 teneri
594 5657 676 5722 atque
695 5645 830 5706 illecebris
848 5644 953 5703 deliniri
1006 5648 1086 5713 atque
1100 5640 1284 5697 adolescentes
1307 5639 1346 5695 illi
1365 5640 1410 5711 qui
1437 5640 1570 5701 Persicam
1585 5644 1719 5707 bammum
1731 5650 1801 5707 eiiu-

159 5761 188 5812 et
205 5750 238 5806 ad
249 5748 363 5806 berilem
377 5747 477 5806 lectum
489 5744 562 5810 duci,
576 5743 656 5815 idque
673 5748 734 5813 post
747 5749 785 5796 tot
797 5738 916 5811 pericula
928 5746 952 5795 et
1005 5742 1104 5805 gerunt
1118 5732 1225 5805 (Neque
1249 5732 1334 5797 enirn,
1350 5732 1444 5805 inquit,
1465 5736 1531 5809 ignis
1552 5739 1615 5795 odor
1636 5741 1662 5795 in
1676 5743 1803 5799 {trimme

159 5842 292 5934 insidias?
313 5839 373 5898 Non
391 5840 465 5898 enim
485 5836 759 5939 teiugitlplerosque
779 5844 954 5937 posteaquam
1039 5870 1130 5939 ¹unos
1139 5874 1192 5938 tta,
1245 5871 1369 5930 mmmm
1389 5875 1471 5945 amm
1492 5872 1536 5925 m
1552 5888 1645 5942 qm
1663 5878 1801 5945 mmm

161 5933 355 5991 catanritatibus
370 5944 503 5989 acrcrum
516 5924 707 5987 acerbitatibus
719 5923 953 5993 contectisunt,si
1008 5930 1099 5996 eglipsi,
1111 5935 1134 5980 er
1142 5927 1197 5979 troc
1237 5927 1438 5984 desecabantur.
