4142 6342
111 425 140 489 ti
714 411 747 470 ΙΝ
776 407 935 470 nobilitas
956 407 1000 464 bu
1019 404 1172 468 sistitis.
1284 449 1286 454 -
1713 415 1748 477 η

111 565 171 610 moi
182 542 253 628 (ult
267 541 339 618 Quo
349 535 533 602 declaratur
546 533 663 615 quarta
677 532 758 596 teria
780 531 921 595 habitam
936 527 1103 591 homiliam
1119 525 1230 603 luisse,
1249 522 1421 610 etquidem
1434 534 1559 612 quarto
1572 531 1749 602 hebdoma-

111 630 154 694 dis
169 619 437 705 quadragesim,
451 620 509 680 aut
520 615 656 677 tortasse
670 612 784 686 tertiae,
800 609 1085 674 secuudumatium
1099 608 1292 670 numerandi
1307 610 1449 674 modum.
1463 614 1490 676 A
1503 614 1614 678 multis
1625 616 1749 696 quippo

110 710 173 791 jam
182 703 307 768 seculis
333 697 435 762 Greci
461 695 599 776 primam
610 692 811 774 jejuniorum
823 690 1025 755 Dominicam
1039 691 1072 750 et
1093 687 1326 752 hebdomadem
1340 696 1457 756 vocant
1475 711 1559 768 eain,
1574 712 1674 774 quam
1686 713 1747 761 nos

112 787 243 932 Enniam
256 777 689 858 Quadragesimaerocamus.
707 771 767 834 liic
781 789 858 836 vero
879 769 919 834 de
932 769 1065 832 nomine
1077 771 1203 830 tantiun
1218 771 1268 830 est
1281 773 1428 848 questio.
1441 772 1546 854 Hujus
1560 778 1672 838 antem
1692 775 1750 840 he·

133 863 275 928 domadis
292 863 412 942 quarta
427 855 478 918 die
492 854 634 919 habitam
660 851 840 927 homiliam,
853 856 885 913 et
898 869 940 914 ex
962 848 1047 912 serie
1060 846 1270 910 homiliarum
1282 854 1315 912 et
1327 867 1370 914 ex
1385 850 1431 914 Cti
1472 854 1605 917 sostomi
1619 855 1750 919 silentio

113 947 234 1022 aliquot
246 942 372 1004 dierum
389 938 475 1000 iuter
487 933 635 998 homilias
650 929 806 994 decimam
819 935 851 994 et
863 928 1067 993 undecimam
1078 927 1187 1007 palam
1199 946 1272 992 esse
1287 929 1426 994 ridetur.
1457 942 1478 994 h
1496 933 1560 996 hac
1573 951 1672 1013 porro
1686 933 1752 998 bo·

112 1025 198 1088 milia
209 1018 384 1103 promissis
395 1017 480 1080 bene
494 1013 602 1077 multis
619 1011 659 1076 de
675 1009 858 1076 calamitate
871 1011 928 1074 illa
941 1007 1156 1083 Antiocheno,
1169 1007 1213 1071 ad
1225 1008 1400 1088 pristinum
1412 1010 1452 1074 de
1467 1011 1609 1076 hominis
1620 1011 1752 1093 opificio

169 1105 337 1167 omentum
350 1094 527 1167 descendit,
541 1097 573 1156 et
585 1089 836 1156 cohortando-de
861 1107 951 1153 more
967 1087 1007 1152 ad
1019 1088 1206 1170 juramenta
1218 1088 1362 1165 vitanda,
1378 1091 1560 1155 orationem
1574 1091 1709 1158 clandit.

177 1182 311 1245 enimam
323 1179 476 1258 quartam
488 1173 712 1236 Tillemoutius
726 1170 1084 1264 locandamputatpost
1097 1167 1433 1246 decimumoctavum,
1447 1171 1510 1235 hac
1520 1176 1687 1250 permotus
1699 1190 1754 1240 ra·

112 1241 1754 1336 done:tuitioaitChrysostomus:Noaporumcioitotemuobiiheridiodotnsperturbooit.sedetlinis

65 1335 68 1340 ’
112 1341 287 1405 oositerom
299 1355 366 1400 ooo
378 1351 492 1429 porum
503 1331 681 1396 consolatus
690 1339 745 1394 est.
757 1331 833 1393 Hauc
843 1331 954 1402 verba,
964 1327 1079 1408 inquit,
1087 1327 1261 1392 adveutum
1273 1330 1466 1405 Hellcbichi,
1480 1335 1513 1393 et
1525 1331 1677 1394 nuntium
1685 1331 1756 1413 jam

114 1416 391 1497 Constantinopoli
404 1412 577 1479 advenisse
592 1411 787 1492 significant.
802 1409 924 1474 Verum
938 1408 1007 1474 baec
1020 1407 1214 1472 hariolando
1228 1408 1392 1473 dicuntur.
1406 1411 1493 1486 Quot
1504 1411 1707 1490 suspiciones
1721 1416 1756 1474 et

114 1507 252 1564 terrores
276 1497 439 1560 immissos
459 1497 553 1573 putas
580 1491 789 1555 Antiochenis
804 1489 881 1553 dum
900 1487 1001 1554 animi
1016 1487 1205 1569 penderent,
1220 1492 1254 1552 et
1277 1507 1436 1570 quorsum
1450 1496 1517 1555 tani
1530 1489 1674 1556 inlausta
1700 1508 1756 1556 res

113 1594 251 1645 evasura
266 1580 352 1640 osset
376 1575 567 1656 ignorarent
581 1572 596 1632 ι
612 1571 716 1634 liciis
732 1587 811 1634 vero
825 1569 1005 1632 terroribus
1020 1569 1277 1648 tumoribusque
1288 1571 1480 1635 ratiocinari
1494 1570 1659 1651 quomodo
1675 1588 1758 1652 pos-

113 1675 236 1731 sumus,
255 1656 313 1736 qui
326 1672 440 1720 eorum
453 1651 647 1716 hauddubie
660 1652 835 1716 maximam
850 1655 976 1730 partem
990 1647 1194 1729 ignoramus,
1207 1649 1279 1713 etsi
1294 1667 1362 1744 qua
1374 1651 1540 1724 novimus,
1558 1651 1604 1716 ita
1617 1652 1758 1716 obscuro

110 1737 376 1882 fficipiffim'ff
389 1731 739 1875 {inindemqmtigipiam
753 1730 908 1811 temporis
922 1736 1034 1792 notam
1050 1727 1213 1808 expiscari
1225 1746 1401 1810 possimus.
1415 1731 1493 1796 Huc
1507 1730 1643 1797 homilia
1656 1730 1759 1796 ternio

159 1835 229 1882 aes
276 1830 507 1879 evrnour
560 1830 646 1874 eu.
1763 1863 1767 1876 .

148 1897 314 1960 Decimam
329 1832 477 1975 quintam
495 1890 663 1955 homiliam
676 1891 748 1954 vult
770 1889 997 1954 Tillemontius
1010 1888 1156 1953 habitam
1176 1889 1278 1954 luisse
1294 1891 1380 1954 inter
1393 1891 1551 1955 decimam
1567 1897 1600 1956 et
1620 1891 1760 1957 undeci-

111 1995 208 2046 mam,
224 1980 294 2038 tum
308 1976 349 2037 ob
362 1989 481 2036 causas
497 1988 598 2051 supra
611 1970 652 2034 ad
665 1970 869 2033 undecimam
882 1973 1090 2044 memoratas,
1105 1969 1184 2048 quia
1201 1970 1454 2054 chrysostomus
1468 1971 1562 2034 initio
1573 1973 1622 2036 sic
1632 1971 1757 2037 habet:

113 2055 282 2136 Oportebat
295 2062 325 2118 et
337 2051 443 2122 bodie,
456 2058 485 2114 et
498 2051 659 2132 superiore
673 2048 809 2120 subdote,
821 2049 857 2114 do
864 2049 989 2132 jejunio
1003 2067 1126 2112 monere
1137 2068 1318 2114 sermonem.
1335 2052 1397 2116 Ubi
1408 2071 1447 2114 ιιι
1469 2052 1686 2132 eriore‚qnasi
1699 2069 1759 2116 es-

112 2139 160 2200 set
170 2135 291 2216 primo,
306 2133 345 2196 de
360 2133 468 2228 primo
486 2133 620 2198 sabbato
634 2129 907 2212 Quadragesimie,
922 2128 1164 2194 subdubitando
1180 2134 1302 2208 tamen,
1321 2132 1494 2213 intelligit3
1511 2132 1569 2195 sed
1587 2151 1660 2207 nos,
1674 2135 1712 2195 ut
1725 2135 1760 2196 et

111 2213 294 2278 bernardus
317 2212 505 2284 Brixiauus,
525 2209 564 2273 de
589 2209 770 2290 superiore,
791 2211 859 2274 sive
874 2210 913 2272 de
928 2209 1128 2290 procedente
1146 2209 1358 2293 intelligimus
1374 2232 1382 2274 ι
1398 2216 1498 2292 atquo
1512 2212 1640 2276 nuttam
1654 2211 1758 2276 aliam

112 2293 276 2374 interponi
303 2309 400 2374 posse
426 2290 595 2353 homiliam
615 2291 700 2353 inter
713 2289 870 2354 decimam
886 2292 918 2353 et
931 2289 1136 2354 undecimam
1149 2289 1219 2371 jam
1243 2309 1283 2354 su
1325 2293 1395 2356 rius
1410 2293 1633 2373 probavimus.
1648 2291 1760 2358 Oeca-

112 2375 205 2438 sione
226 2374 346 2447 metus,
359 2390 427 2453 quo
440 2369 546 2434 adecti
570 2370 921 2451 Constantinopolitani
939 2373 1045 2445 erant,
1060 2369 1165 2434 multa
1185 2369 1263 2434 dicit
1296 2373 1415 2436 ebono
1431 2373 1571 2449 timoris,
1587 2377 1619 2435 et
1645 2371 1681 2436 in
1694 2369 1762 2436 fine
1869 2367 1877 2380 '

112 2455 227 2518 coutm
237 2451 369 2533 jurandi
384 2453 425 2516 ab
440 2450 579 2529 aliisque
590 2449 813 2530 juramentum
826 2449 976 2531 exigendi
990 2449 1260 2514 consuetudinem
1273 2453 1498 2516 concionatur.
1766 2503 1770 2509 .

148 2533 286 2596 Decima
298 2535 393 2596 sexta
402 2537 480 2594 tunc
494 2530 605 2593 habita
619 2529 692 2603 tuit,
707 2548 781 2593 cum
794 2547 909 2611 sparso
923 2528 1065 2609 quodam
1079 2529 1162 2594 talso
1173 2530 1291 2596 tuturo
1306 2532 1525 2629 populationis
1537 2550 1681 2609 minore,
1693 2550 1763 2597 oin-

112 2631 169 2677 nes
187 2612 320 2693 defuga
336 2609 568 2674 deliberabant.
584 2609 678 2674 Hanc
688 2610 785 2673 etiam
799 2611 871 2674 loco
882 2625 1013 2672 movere
1022 2615 1162 2673 conatur
1173 2611 1412 2688 Tiltemontius,
1425 2617 1458 2677 et
1468 2612 1716 2678 interdecimam
1729 2615 1765 2676 et

112 2691 320 2755 undecimam
337 2690 460 2764 locare,
475 2687 562 2769 qnod
576 2694 698 2764 tamen,
714 2692 751 2751 ιιι
768 2689 808 2754 ad
831 2688 1056 2752 duodecimam
1068 2687 1224 2764 diximus,
1240 2691 1365 2755 admitti
1383 2694 1510 2773 nequit.
1525 2694 1583 2757 liis
1597 2710 1699 2773 porro
1711 2691 1765 2755 nl·

111 2773 193 2866 titur
204 2769 423 2912 Chrsssostomi
433 2769 540 2863 cephis
555 2770 779 2864 :tillemontius
788 2768 863 2832 :nb
878 2767 1767 2866 aitS.doctor,Secoodomjejuniisoptiiiionoinproetcr·

111 2870 253 2994 itata
267 2847 1765 3023 ..insatiabilitatihabitaclumattractatadilituit:

105 3028 171 3091 ,pro
185 3010 297 3091 prima
309 3007 481 3072 Dominica
495 3009 699 3072 numerando
713 3025 786 3071 eam
801 3025 873 3088 quio
882 3023 1020 3088 primam
1031 3025 1146 3090 JeJunu
1162 3006 1247 3070 diem
1256 3009 1470 3088 procedebat,
1482 3027 1584 3091 quam
1595 3010 1767 3089 Quinqua-

111 3092 246 3172 gesimo
258 3089 462 3153 Dominicam
474 3105 639 3152 vocamus.
655 3087 737 3166 Quid
747 3106 825 3151 vero
840 3088 867 3152 si
877 3096 953 3150 tune
963 3087 1118 3166 temporis
1129 3087 1308 3153 Antiochia
1321 3089 1428 3170 prima
1439 3091 1610 3154 Dominicis
1618 3089 1767 3166 Quadra·
1835 3103 1840 3116 ’

112 3172 249 3250 gesimo
256 3170 438 3232 vocabatur
446 3185 486 3232 ea
499 3185 582 3248 qun,
597 3186 687 3232 moro
708 3167 879 3244 hodierno,
894 3167 981 3230 intra
988 3166 1150 3248 jejunium
1163 3168 1267 3248 prima
1277 3171 1443 3233 occurrit?
1456 3169 1696 3252 namjejunium
1709 3168 1768 3233 in·

112 3250 258 3329 cipiebat
272 3247 353 3313 teria
364 3247 507 3312 secunda
521 3252 594 3328 post
608 3248 931 3328 Quinquagesimam,
944 3250 981 3309 ut
988 3265 1077 3310 nunc
1090 3246 1204 3327 incipit
1216 3247 1297 3312 teria
1310 3254 1440 3329 quarta,
1450 3254 1667 3330 poterantque
1675 3248 1768 3314 illam

112 3327 351 3392 hebdomadam
363 3326 557 3391 Antiocheui
571 3345 639 3390 non
651 3345 824 3392 numerare
838 3345 899 3408 pro
913 3327 1018 3409 prima
1032 3327 1311 3409 Quadragesimn‚
1324 3338 1363 3393 ut
1374 3347 1434 3394 nos
1449 3347 1516 3393 non
1529 3345 1741 3393 numeramus
1755 3347 1765 3388 ι

113 3409 241 3488 illoque
254 3407 352 3470 modo
363 3423 431 3470 una
445 3406 643 3472 hebdomade
656 3407 779 3472 tardius
794 3408 863 3472 hmo
877 3406 1010 3472 homilia
1022 3407 1134 3471 habita
1149 3406 1257 3482 tuerit,
1274 3409 1445 3474 bominica
1468 3410 1591 3474 scilicet
1604 3408 1701 3472 tertia
1714 3406 1769 3470 ho·

112 3488 231 3551 dier-no
244 3491 484 3568 moresnmpta.
497 3487 556 3550 Sed
566 3491 643 3551 tuno
657 3489 753 3552 etiam
762 3504 879 3567 magna
892 3490 1079 3567 superesset
1093 3486 1264 3554 difficultas
1281 3506 1378 3552 :nam
1388 3489 1768 3554 hacbombiadecimam

113 3569 246 3630 tertiam
261 3572 295 3630 et
308 3572 481 3646 sequentes
493 3568 724 3647 processisset.
740 3567 833 3630 Certe
852 3567 1045 3632 haecomnia
1059 3567 1196 3630 salebris
1210 3572 1285 3631 sunt
1300 3570 1408 3648 plena,
1423 3576 1459 3634 ιιι
1474 3571 1544 3650 ipse
1560 3568 1679 3633 latetur
1691 3565 1767 3629 Til-

112 3647 303 3724 tcmontius,
319 3648 377 3726 qui
392 3664 459 3710 nou
473 3646 572 3709 semel
586 3646 731 3742 aliquam
749 3646 920 3727 amplexus
933 3647 1128 3710 sententiam
1145 3648 1187 3710 ab
1207 3665 1248 3712 ea
1269 3647 1426 3714 desistere
1437 3651 1575 3732 cogitur.
1592 3649 1677 3713 Usus
1692 3645 1768 3710 tor-

112 3730 200 3790 tasse
227 3732 259 3790 et
272 3725 423 3791 tractatio
437 3727 592 3792 diuturna
611 3727 755 3806 aliquam
768 3727 802 3788 in
814 3745 850 3788 re
864 3732 931 3790 tam
945 3729 1086 3790 obscura
1102 3725 1239 3790 atterent
1259 3729 1419 3806 notitiam,
1448 3746 1515 3810 qua
1542 3728 1704 3809 possimus
1733 3727 1769 3788 in

112 3805 187 3870 Vita
195 3805 421 3900 Chrysostomi
436 3807 471 3867 in
486 3805 550 3869 fine
571 3824 707 3886 opernm
727 3807 915 3870 adornanda
932 3806 1000 3869 haec
1014 3808 1197 3870 accuratius
1207 3810 1239 3870 et
1252 3808 1373 3873 clarius
1388 3816 1543 3875 statuere.
1562 3808 1770 3887 Quapropter

112 3905 182 3949 rem
194 3885 332 3950 dubiam
347 3885 430 3948 retin
455 3903 534 3948 uere
551 3886 701 3950 consulto
715 3885 902 3950 statuimus.
921 3885 957 3949 ld
971 3904 1075 3950 unum
1086 3889 1214 3951 tautum
1230 3890 1471 3966 contendimus,
1489 3907 1556 3951 uon
1569 3905 1666 3968 posse
1682 3884 1771 3946 hano

113 3965 287 4028 homiliam
317 3965 403 4028 inter
432 3903 589 4028 ffocimam
617 3970 650 4028 et
690 3966 893 4030 undecimam
919 3966 1033 4042 locari,
1061 3969 1248 4030 memoratis
1277 3987 1378 4048 supra
1394 3968 1566 4032 decausis.
1591 3963 1769 4028 Promissis

112 4044 535 4124 quibusdamdetimiditate
550 4043 826 4110 Antiochenorum
837 4046 941 4127 deque
951 4045 1137 4126 juramento
1148 4047 1290 4118 vitando,
1305 4052 1533 4128 argumentum
1545 4043 1686 4108 humido
1695 4054 1772 4105 niu-

112 4129 233 4188 tuatui·
254 4123 504 4206 Chrysostomus
517 4143 559 4187 ex
579 4125 630 4188 his
645 4125 736 4188 Pauli
753 4125 859 4190 verbis
877 4145 885 4186 i
901 4125 1022 4189 Pontos
1041 4128 1166 4188 vinctos
1177 4127 1255 4188 seio
1268 4126 1396 4203 Christi,
1412 4136 1442 4189 et
1463 4123 1637 4190 timotheus
1650 4123 1764 4206 [rotor.

112 4203 325 4284 Paulumque
334 4204 560 4285 gloriosiorem
574 4224 616 4268 ex
629 4206 766 4269 vinculis
777 4205 987 4279 demonstrat,
1001 4222 1101 4284 quani
1117 4224 1159 4268 ex
1173 4206 1292 4268 virtute
1301 4206 1545 4270 miraculorum.
1777 4212 1781 4222 ’

152 4284 294 4348 Decima
317 4285 454 4365 septima
469 4285 580 4348 habita
604 4289 653 4348 est
676 4290 850 4365 postquam
871 4285 1056 4348 Etlebichus
1083 4302 1141 4347 sen
1160 4285 1381 4362 itellebicbus‚
1400 4289 1453 4351 hta
1475 4287 1555 4350 ister
1567 4285 1725 4358 militum,
1739 4286 1773 4348 et

114 4362 308 4438 ementitis,
322 4363 490 4445 Magister,
507 4363 547 4427 ad
558 4365 757 4444 imperatore
772 4364 861 4428 missi
877 4365 1094 4445 perquisitum
1105 4365 1145 4430 de
1155 4365 1326 4440 seditione,
1342 4307 1547 4430 Antiocffiiam
1558 4365 1770 4429 advenerant.

113 4442 331 4507 Hellebiohus
352 4443 417 4524 hic,
432 4443 586 4525 Magister
599 4445 745 4524 equitum
757 4445 952 4525 peditumve,
964 4443 1042 4508 alibi
1057 4450 1255 4508 memoratus
1269 4447 1424 4520 occurrit,
1439 4451 1472 4509 et
1482 4446 1617 4526 justitia
1630 4445 1774 4508 clemen·

114 4522 241 4602 linque
257 4522 355 4585 laude
368 4523 505 4586 celebris
519 4527 591 4588 erat
613 4544 621 4584 ι
638 4524 797 4590 cesarius
812 4524 930 4598 etiam,
945 4524 997 4586 hta
1021 4524 1100 4586 ister
1114 4523 1297 4588 officiorum
1314 4526 1392 4589 alibi
1408 4525 1512 4589 dictus
1525 4570 1534 4601 ,
1547 4524 1620 4606 pari
1645 4523 1774 4605 gande-

115 4603 171 4666 bat
186 4601 363 4682 probitatis
377 4603 475 4666 lama.
498 4604 711 4667 Pronuntiata
728 4609 836 4668 antem
849 4603 909 4665 luit
922 4602 990 4666 hac
1000 4543 1141 4667 {omitia
1155 4622 1230 4667 cum
1243 4605 1437 4668 Antiocheni
1451 4623 1534 4687 pene
1544 4621 1565 4668 a
1576 4607 1664 4666 metii
1677 4602 1774 4665 liberi

116 4685 244 4745 esseut.
260 4683 440 4752 Innumero,
458 4682 504 4746 ait
517 4701 608 4745 num.
623 4685 652 4745 1.
669 4683 930 4766 Chrysostomus,
955 4684 1204 4764 exspectavimus
1225 4685 1476 4754 notmanniam
1498 4682 1664 4767 socottotes
1685 4680 1775 4744 dire-

112 4768 210 4842 ptiun
220 4761 279 4831 iri,
292 4759 472 4826 bobitoooto
484 4781 553 4826 com
566 4761 780 4827 babitantibus
789 4761 1008 4832 comburendo,
1018 4762 1177 4826 civitatem
1187 4763 1288 4826 medio
1304 4763 1471 4828 tollendum
1484 4783 1524 4827 eo
1534 4761 1659 4836 erbaci
1672 4761 1775 4844 ipsios

115 4841 275 4922 reliquias
293 4859 397 4904 οιιιιιιι
410 4842 582 4923 periturus,
598 4851 743 4906 armenos
756 4843 857 4925 ipsius
873 4851 989 4906 terrum
1008 4853 1223 4924 susceptorum
1235 4864 1246 4904 .·
1260 4843 1393 4908 sedeces
1409 4843 1472 4908 boc
1485 4845 1591 4909 omnia
1604 4842 1694 4907 iutro
1720 4860 1777 4906 ea·-

115 4921 348 5001 spectotiooem
361 4929 483 4985 tontum
502 4928 670 4992 steterunt.
685 4930 714 4986 at
727 4923 762 4986 iu
774 4941 853 5005 opos
865 4940 932 4985 ooo
949 4930 1180 5003 processerunt.
1194 4923 1260 4986 Sub
1272 4923 1343 4989 hnc
1354 4927 1510 4989 narratur
1567 4922 1685 4986 amodo
1699 4937 1775 5012 mo5

115 5000 221 5064 naabi
234 5019 278 5064 ex
305 5001 470 5066 montibus
486 5002 690 5068 Antiochiam
717 5003 953 5075 descenderint,
968 5007 1006 5065 ιιι
1015 5001 1139 5084 indices
1153 5004 1341 5083 placarent,
1355 5004 1432 5067 dnm
1444 5003 1575 5068 interim
1589 4996 1777 5083 philosophi

116 5096 236 5144 omues
252 5081 356 5144 Greci
369 5082 483 5145 urbem
498 5082 706 5158 desererent;
749 5101 793 5146 no
807 5081 1010 5164 paeto'etiam
1028 5083 1213 5146 sacerdotes
1227 5083 1261 5146 in
1314 5084 1413 5148 aliam
1426 5103 1470 5164 po
1492 5084 1540 5148 uli
1554 5088 1687 5148 strenue
1705 5093 1777 5140 rem

116 5159 297 5298 gesserint.
319 5159 434 5226 Poenas
458 5163 500 5226 ab
518 5161 716 5242 imperatore
726 5101 858 5226 aemum
882 5163 1043 5241 irrogatas
1069 5162 1157 5228 leves
1172 5163 1276 5226 tolera
1298 5164 1424 5244 ilesquo
1447 5169 1513 5238 ait,
1535 5156 1783 5252 nequedolen-

138 5257 200 5300 um
215 5239 242 5301 si
257 5239 459 5306 orchestram
478 5245 511 5304 et
529 5243 648 5307 balnea
662 5242 857 5317 occluserit,
872 5258 911 5305 ac
923 5242 1141 5322 ldetropoleos
1155 5242 1345 5323 dignitatem
1361 5245 1404 5308 ab
1419 5245 1502 5308 urbe
1512 5237 1684 5306 Antiochia
1698 5252 1772 5298 sus-

117 5317 248 5381 tulerit.
273 5319 395 5384 Veram
419 5321 597 5385 Antiochia
613 5321 801 5418 dignitatem
822 5340 905 5396 esse,
921 5321 1008 5400 quod
1024 5321 1059 5385 in
1079 5339 1118 5387 ea
1131 5323 1281 5403 discipuli
1300 5323 1420 5387 Christi
1441 5324 1581 5405 primum
1597 5313 1778 5412 Christiani

118 5398 189 5460 sint
204 5399 332 5473 sosatii
378 5400 443 5463 nod
471 5401 665 5466 Antiochem
691 5403 811 5468 sanctis
833 5401 1113 5482 ierosolymitanis
1142 5403 1226 5466 lame
1251 5404 1476 5468 laborantibus
1507 5416 1603 5478 opem
1625 5396 1778 5460 tulerint·

116 5477 195 5540 lton
211 5417 491 5560 magnitudinem,
517 5481 573 5544 sed
593 5481 746 5562 pietatem
763 5484 862 5548 nrbes
876 5498 1050 5546 exornare.
1072 5483 1110 5544 ln
1124 5482 1190 5547 tine
1203 5500 1283 5548 rero
1296 5485 1360 5558 ait,
1376 5482 1459 5548 alios
1475 5479 1583 5544 adhuc
1593 5476 1627 5539 in
1644 5491 1780 5540 carcere

117 5556 257 5639 degere,
272 5559 354 5636 alios
380 5560 769 5627 inexsiliummittendos
791 5563 983 5626 noscitans
1006 5562 1173 5626 homiliam
1196 5563 1421 5628 Tillemontins
1447 5557 1571 5624 conteri
1592 5557 1630 5620 in
1650 5553 1779 5619 hebdo-
1821 5617 1824 5624 .

118 5637 255 5733 madens
267 5643 420 5720 quartam
432 5641 694 5738 Quadragesimae
730 5653 782 5707 ost
796 5643 910 5709 leriam
925 5647 1095 5722 quartami
1111 5643 1168 5707 sed
1181 5663 1224 5708 ex
1237 5645 1424 5726 coniectura
1436 5642 1574 5704 uotum.
1776 5657 1784 5709 t

160 5717 300 5784 Decima
321 5709 438 5788 obtata
461 5722 595 5788 bomiha
608 5661 861 5812 postfimidinm
878 5722 994 5804 jejunii
1013 5723 1098 5788 dicta
1111 5723 1192 5801 tuit,
1207 5727 1246 5786 ut
1266 5724 1312 5787 att
1325 5723 1418 5785 initio
1436 5719 1696 5804 Chrysostomus.
1713 5711 1776 5778 iu-

153 5841 197 5906 (ιι)
210 5845 347 5896 benardus
356 5848 484 5899 hitxhnus
495 5847 581 5921 babet:
588 5845 662 5909 οιιιιιι
672 5847 822 5913 proauum
828 5846 933 5922 ιιιιιιιιιιι
939 5845 1020 5912 quatri
1026 5849 1111 5909 damn,
1120 5853 1144 5899 et
1152 5844 1223 5912 quote
1230 5859 1294 5897 nunc
1302 5844 1410 5899 udaius
1420 5857 1535 5924 paoem.
1543 5851 1595 5896 vox
1603 5847 1687 5894 amem
1694 5821 1783 5942 ‘mi

119 5908 419 6025 &Quidum
428 5923 483 5974 oei,
495 5909 660 5976 ιιιιιιιιιιιιιιιιι,
671 5909 734 5978 stilo
746 5910 949 6035 centumuiros
959 5908 1296 5976 temporensqueclementts
1309 5901 1762 5974 itermumsmipitmiitsrtsntw
