4142 6342
616 439 800 500 sacramus
818 404 1060 496 cnnrsosrollt
1078 423 1238 492 tuentur.
1257 426 1526 492 consannnnon.

1719 573 1884 590 'ananau-Q

668 652 944 762 muscam
967 660 1049 750 on
1071 637 1457 750 buccacanum.
1515 774 1520 781 ¹

967 806 1143 862 mmm

546 950 645 1001 gum
666 938 717 1017 (a),
1092 917 1165 994 atqui
1188 917 1270 982 uitam
1290 935 1409 986 sanctam
1427 945 1459 988 ac
1478 929 1568 991 divino
1593 935 1674 993 cultui
1694 953 1883 1016 congruentem

279 1038 451 1115 gummeri
474 1035 595 1110 precandi
615 1032 740 1108 formabo
759 1027 905 1102 aeripuerim
925 1021 1036 1080 motor.
1091 1031 1187 1090 preces
1199 1014 1322 1091 afferunt,
1337 1033 1365 1081 et
1380 1023 1405 1080 in
1418 1026 1522 1084 animos
1531 1009 1785 1094 nostrosmirifrcam
1793 1013 1882 1098 rernm

244 1122 666 1195 cluammormoedoc.
680 1157 717 1171 -
743 1121 971 1182 lluasobcausas
989 1110 1038 1170 Dei
1091 1112 1212 1170 omnium
1239 1109 1413 1186 pretiosarum
1437 1121 1542 1192 copiam
1566 1125 1725 1184 recondunt.
1739 1128 1806 1186 llam
1830 1133 1886 1192 sire

243 1229 360 1287 cultores
373 1221 522 1286 admirandi
531 1229 594 1281 eunt
605 1219 712 1279 ecberti
722 1211 858 1292 iudicandi
875 1230 882 1268 ι
898 1218 953 1267 tum
967 1203 1038 1280 quod
1092 1203 1222 1276 quispiam
1238 1206 1413 1280 virginitatem
1428 1211 1568 1282 adamarit,
1584 1216 1641 1272 sire
1656 1220 1807 1290 nuptiarum
1818 1233 1885 1280 tem-

242 1336 317 1395 spcm
339 1319 434 1378 saluus
445 1327 502 1378 suae
517 1319 543 1375 ln
557 1318 658 1375 sanetis
682 1311 807 1388 precibus
827 1303 1037 1369 collocaverint,
1091 1291 1239 1367 percutiam
1250 1297 1337 1368 colat,
1351 1303 1407 1358 sinc
1427 1303 1590 1362 iracundiam
1605 1311 1752 1380 continere,
1770 1323 1799 1370 et
1810 1331 1887 1372 nran-

160 1411 164 1418 ’
242 1425 299 1474 inm
321 1410 404 1488 quod,
419 1427 480 1471 eum
491 1413 608 1486 bymrros
619 1416 647 1466 et
660 1404 786 1480 precandi
812 1399 957 1461 formulas,
971 1400 1039 1466 gttas
1092 1396 1269 1462 sucieagere,
1283 1389 1448 1452 sineinvidia
1463 1412 1559 1454 vacare
1579 1409 1625 1456 aut
1643 1400 1884 1476 aliudgnidolsreit

244 1506 371 1567 floccum
392 1503 482 1563 laetitia
495 1502 634 1562 actimore
644 1497 809 1563 offerebant,
824 1493 909 1550 literis
923 1487 1037 1546 uuanda·
1092 1491 1220 1577 praeslare
1234 1485 1344 1556 nitatur,
1359 1489 1513 1560 precatione
1525 1491 1601 1558 duce,
1624 1491 1810 1565 ethujrtsmodi
1821 1499 1884 1556 rite

243 1609 316 1670 rent,
337 1595 416 1656 nobis
427 1580 625 1670 conquestum
639 1591 794 1649 tnesaurum
809 1583 982 1648 tradiderint,
1010 1586 1039 1635 nt
1092 1570 1162 1669 lium
1174 1577 1322 1665 muniente,
1338 1579 1490 1652 expeditum
1506 1582 1652 1644 lntbcbitet
1662 1585 1767 1648 facilem
1781 1591 1886 1662 pictatio

243 1706 352 1752 omnem
362 1689 545 1764 posteritatem
558 1697 669 1761 possent
681 1683 713 1739 ad
724 1697 754 1740 ee
767 1678 912 1737 imitandos
919 1673 1036 1732 allicere·
1093 1682 1200 1724 cursum
1212 1686 1219 1723 τ
1229 1684 1282 1725 uon
1294 1671 1365 1727 enim
1376 1669 1494 1729 fierinllo
1504 1675 1689 1748 rnodopotcst,
1697 1682 1776 1754 utqui
1785 1693 1886 1756 tempe-

242 1780 348 1845 perget
359 1785 430 1842 enlm
443 1782 584 1840 doctorum
598 1783 691 1835 mores
703 1774 737 1832 ad
751 1788 799 1831 eos
812 1769 963 1845 pervenire,
993 1763 1038 1836 gul
1092 1756 1887 1844 tantiarn‚p'uslitiam,mansuetudinem,benignitatemabco

242 1879 310 1953 ipsit
335 1877 401 1935 dant
421 1887 550 1950 operatu:
564 1873 684 1946 itemque
705 1886 754 1941 par
780 1874 822 1925 cst
844 1863 1037 1938 prophetarum
1094 1853 1886 1936 nolunt.convoticcmpotesiant.Pertrecninpnquit,etua-

243 1967 390 2042 dltclpnloa
405 1965 555 2024 imitatores
569 1978 663 2022 eornm
676 1959 865 2030 essejcstitiae,
879 1955 914 2012 ita
923 1951 1039 2010 utritam
1093 1941 1233 2000 limitabit
1245 1943 1479 2021 (battuentem.
1490 1947 1651 2008 Omnisenim
1657 1933 1886 2042 palpetitmrciflft,

245 2068 365 2118 nostram
382 2059 409 2114 in
421 2057 546 2130 precibus
564 2050 746 2125 lleiquecultu
762 2056 894 2122 perpetuo
914 2045 1038 2103 tradnca-
1093 2045 1116 2090 et
1130 2037 1173 2107 pai
1191 2041 1291 2109 puerit,
1304 2039 1438 2108 formiter
1447 2043 1777 2120 polamtirperr’emrldne.
1791 2051 1834 2106 il.
1845 2052 1885 2125 9).

244 2167 317 2222 mus,
329 2159 410 2225 atque
422 2149 448 2205 in
460 2165 490 2205 ea
506 2163 535 2204 re
551 2147 643 2210 vitam,
659 2141 851 2208 ualetudinem,
862 2138 980 2204 diuitias,
991 2134 1039 2190 bo·
1094 2116 1127 2183 111
1150 2127 1213 2184 tlibi
1234 2145 1325 2187 tttrsus
1340 2145 1347 2187 2
1363 2131 1645 2206 correcturarum
1667 2139 1775 2206 vobim
1798 2157 1847 2218 pao
1865 2143 1890 2200 ri

244 2260 340 2303 norom
355 2245 434 2300 linem
444 2239 564 2314 potitum
578 2253 640 2295 esse
651 2247 822 2301 censeamus,
837 2241 867 2286 ut
878 2231 961 2286 ileum
973 2243 1040 2298 puro
1094 2221 1191 2291 petierit
1203 2221 1272 2292 iiluna
1281 2239 1343 2278 enus
1355 2240 1538 2295 panem,nam
1551 2227 1661 2298 lapidem
1673 2227 1742 2284 dabit
1757 2233 1779 2286 ei
1787 2232 1800 2286 i
1818 2234 1889 2291 reiri
2005 2282 2010 2298 ,

244 2340 273 2396 ei
283 2339 439 2408 incorrupto
452 2333 542 2390 animo
555 2330 742 2402 deprecemur.
755 2323 863 2382 Etenim
876 2366 885 2393 ,
898 2331 928 2377 ut
941 2333 1040 2390 corpus
1095 2314 1310 2396 piscem-petierit,
1334 2333 1395 2371 nona
1407 2327 1544 2386 torpentem
1558 2319 1627 2374 dabit
1642 2322 1682 2377 eii
1694 2322 1724 2379 Si
1745 2323 1821 2396 igitur
1834 2341 1888 2395 oar,

244 2429 435 2494 sompnum,
457 2419 810 2494 speanpmugpmponum
827 2414 911 2473 mgpgg
924 2413 1041 2470 mustra.
1095 2421 1151 2460 cnm
1161 2399 1296 2473 maffritie,
1311 2407 1889 2488 noilleiorredorepifiiaoertrirgaanmmagia
1930 2448 1933 2454 ·

244 2530 299 2579 tur.
315 2520 344 2578 st
357 2536 422 2592 ergo
434 2519 499 2576 ceci
523 2513 661 2573 calamitas
677 2519 720 2570 cst
740 2511 824 2568 solem
845 2507 966 2592 aspicere
986 2517 1041 2560 non
1096 2495 1256 2556 Prteroeuer
1264 2497 1369 2556 referor
1379 2501 1447 2558 dubit
1456 2499 1579 2574 Spiritum
1586 2514 1700 2560 ranetam
1709 2506 1849 2578 petentibus
1861 2527 1890 2566 re

214 2621 217 2625 ’
244 2628 333 2688 posse,
346 2619 444 2686 quanta
454 2610 562 2668 undem
573 2616 615 2665 est
627 2601 774 2661 Christiani
786 2601 837 2659 riri
849 2599 954 2672 lactura
964 2639 973 2665 ,
985 2608 1040 2651 non
1095 2589 1175 2665 (ibid.
1184 2607 1208 2649 o.
1225 2593 1336 2667 tl-tbpt
1349 2593 1395 2651 ilis
1410 2593 1508 2663 verbis,
1526 2604 1553 2653 et
1569 2591 1620 2655 hac
1629 2614 1676 2672 spe
1690 2602 1825 2674 proposita
1836 2643 1844 2671 ,
1854 2603 1889 2660 ad

233 2707 353 2769 ¹assidue
364 2705 449 2764 ileum
461 2701 564 2777 precari
576 2697 730 2770 christique
744 2691 917 2767 splendorem
930 2689 957 2744 in
983 2687 1042 2741 ani·
1095 2685 1276 2756 precationem
1287 2694 1435 2745 notrorum
1446 2687 1564 2745 omnium
1578 2689 1706 2748 Dominus
1715 2693 1888 2751 cohortatur:

244 2814 317 2858 mum
332 2799 456 2872 precibus
474 2794 592 2852 inlerrel
606 2791 665 2850 lant
689 2804 753 2846 vern
776 2785 823 2843 llei
849 2781 1041 2853 benignitatem
1096 2791 1145 2832 noa
1168 2793 1232 2834 vero
1254 2777 1331 2836 decet
1352 2779 1565 2854 obtemperantes
1584 2782 1650 2854 Deo,
1671 2784 1698 2841 in
1719 2785 1841 2844 laudibus
1856 2803 1891 2846 ao

244 2893 325 2967 alque
347 2889 515 2949 clementiam
533 2885 594 2959 quta
606 2900 659 2942 tlon
680 2881 838 2946 admiretur,
852 2876 980 2949 quianon
993 2880 1040 2927 au·
1097 2867 1220 2942 precibus
1236 2880 1364 2942 perpetuo
1377 2872 1476 2942 virere,
1494 2873 1531 2930 ita
1546 2882 1574 2930 ut
1585 2870 1631 2931 Ilei
1644 2875 1726 2932 cultui
1739 2891 1818 2949 qnam
1832 2879 1890 2936 ani·

245 2989 361 3062 apiciat,
382 2999 463 3058 quam
476 2981 555 3039 nobis
566 2977 694 3044 ostendit,
710 2989 772 3033 coru
793 2980 896 3029 tantum
911 2966 1040 3023 bonorem
1096 2963 1147 3020 mis
1159 2963 1259 3020 nostris
1270 2964 1369 3021 arctius
1383 2965 1553 3024 lraereamus:
1569 2968 1605 3024 ita
1618 2969 1690 3026 enim
1711 2968 1891 3032 licebitnobit

245 3079 399 3138 bominibus
413 3075 527 3141 delerat,
539 3080 569 3129 nt
580 3084 628 3128 eos
641 3067 797 3142 precatione
809 3079 842 3120 ac
854 3077 903 3119 sua
922 3073 1040 3116 consuc—
1095 3057 1176 3112 titana
1204 3057 1356 3114 bominibus
1384 3056 1492 3130 dignam
1519 3075 1608 3132 agere.
1637 3057 1703 3117 liam
1729 3062 1890 3139 quicumque

244 3173 338 3232 tudine
349 3167 494 3242 digneturi
508 3167 612 3222 Etenim
627 3177 688 3218 carm
701 3160 867 3216 beorevera
880 3149 1041 3225 precationis
1096 3151 1181 3208 Deum
1201 3165 1253 3209 non
1275 3159 1408 3223 precatur,
1423 3168 1510 3224 neque
1530 3149 1621 3211 divino
1638 3153 1772 3228 colloquio
1783 3158 1891 3216 assidue

246 3275 368 3337 tempore
383 3261 570 3333 colloquimur,
595 3267 718 3328 quarum
731 3249 832 3324 angelis
846 3259 953 3319 quoqne
976 3256 1042 3299 con·
1096 3238 1148 3300 frui
1167 3245 1256 3317 cupit,
1278 3255 1400 3302 mortuus
1422 3253 1463 3301 est
1483 3255 1511 3303 et
1533 3247 1620 3304 anima
1648 3261 1782 3319 sensuque
1805 3259 1888 3308 caret.

244 3359 391 3434 fungimur,
405 3353 546 3428 quaionge
560 3348 718 3422 apecndum
733 3342 864 3401 societate
878 3334 1040 3396 recedimus.
1096 3332 1164 3393 iilud
1174 3343 1216 3393 εει
1230 3335 1373 3394 maximnm
1388 3337 1507 3395 stultitiae
1518 3353 1551 3394 ac
1563 3339 1679 3409 stuporis
1690 3350 1890 3412 argumentum,

246 3452 411 3523 Angelorum
425 3455 467 3503 est
476 3445 548 3502 enim
563 3439 692 3514 precatio,
705 3449 766 3508 qua
775 3433 817 3491 rel
828 3445 923 3490 eoram
932 3437 1043 3500 superat
1096 3429 1119 3485 si
1140 3427 1251 3485 honoris
1272 3427 1352 3501 liujus
1373 3429 1528 3500 magnitudo
1550 3431 1701 3502 ignoratur,
1723 3431 1746 3488 si
1771 3433 1891 3506 precario

247 3523 416 3617 dignitatem,
439 3534 582 3609 siquidem
607 3546 668 3589 eum
692 3529 749 3586 lieo
771 3523 844 3598 ioqui
871 3519 1042 3595 praestantiae
1095 3538 1150 3578 non
1170 3531 1285 3592 amatur,
1306 3523 1328 3578 si
1353 3523 1405 3579 non
1427 3521 1523 3579 anima
1539 3539 1613 3581 mors
1634 3539 1694 3582 asse
1713 3525 1890 3595 existimatur,

246 3629 539 3708 paludamentum
554 3621 641 3694 idipsi
662 3633 711 3678 noa
725 3619 842 3684 docent,
870 3613 916 3686 qni
944 3623 1043 3682 magno
1096 3613 1180 3671 Deum
1200 3629 1253 3672 non
1273 3614 1395 3672 adorare.
1411 3610 1447 3673 ilt
1463 3615 1535 3671 enirn
1555 3631 1651 3688 corpus
1676 3617 1725 3674 boc
1748 3629 1890 3687 nostrum,

245 3728 344 3785 dmorc
357 3718 587 3795 1118888018111111,
602 3726 704 3784 1111811118
716 3703 972 3773 8111811111,11811118,
994 3699 1042 3772 qni
1096 3723 1157 3766 cum
1179 3705 1286 3766 animus
1305 3704 1396 3776 abest,
1419 3717 1552 3765 nrortnum
1571 3719 1613 3767 cst
1638 3726 1670 3768 ac
1691 3711 1835 3770 loetidumr
1855 3713 1890 3768 ita

245 3819 281 3878 ad
294 3819 377 3875 Deum
387 3812 557 3877 1018111118,
585 3809 708 3864 timorem
720 3794 1042 3861 88888111118111811818111
1096 3801 1147 3858 nisi
1162 3813 1192 3859 se
1205 3803 1310 3859 animus
1332 3799 1365 3858 ad
1380 3799 1561 3873 precationem
1576 3803 1683 3870 excitat,
1703 3813 1823 3860 mortuns
1838 3813 1889 3870 est,

245 3907 442 3970 pdhtpepdam:
457 3902 605 3962 timendum
615 3900 735 3973 quidem,
748 3892 914 3959 verentibus,
933 3905 969 3945 ne
981 3902 1043 3960 tlte-
1097 3895 1189 3962 rnlscr,
1203 3907 1234 3950 ac
1253 3893 1373 3951 loetidus.
1398 3892 1478 3963 arqui
1496 3895 1590 3966 quavis
1607 3904 1694 3952 morie
1707 3897 1829 3953 acerbius
1844 3911 1891 3968 pn-

245 3999 463 4074 eationeindignl
476 3989 816 4059 esserideamur31aetitia
829 4001 878 4042 nos
897 3993 987 4040 umen
1008 3995 1042 4035 ea
1096 3983 1206 4040 tandum
1228 3995 1288 4041 ease
1311 3985 1463 4056 precatione
1484 3983 1610 4056 spoliari,
1625 4001 1737 4057 magnus
1759 3985 1804 4043 itte
1829 4002 1890 4060 pm.

244 4098 358 4158 bonoris
370 4091 555 4167 magnitudine
569 4085 691 4160 perlundl
711 4092 847 4153 oportere,
870 4075 943 4149 quod
967 4079 1042 4129 tanta
1097 4075 1176 4146 pbeta
1191 4089 1240 4131 nos
1251 4074 1343 4132 Daniel
1355 4073 1444 4145 docet,
1454 4074 1500 4147 qui
1513 4075 1580 4133 mori
1595 4074 1788 4150 calatunnam
1804 4079 1889 4136 tribus

246 4205 280 4248 ac
292 4188 340 4246 tali
352 4183 518 4259 prouidentia
529 4179 642 4236 mortale
654 4189 738 4248 genus
749 4174 916 4236 honestetur,
931 4174 960 4223 ut
972 4165 1043 4220 assi·
1096 4165 1217 4223 diebusa
1238 4163 1363 4239 precibus
1376 4181 1470 4223 vacare
1487 4165 1567 4242 (Dan.
1581 4168 1608 4224 6.
1630 4166 1686 4243 ld).
1708 4167 1800 4241 Neque
1819 4170 1890 4227 enirn

247 4283 302 4340 dno
318 4279 517 4347 ueieongreran
528 4270 691 4344 perfruatur,
703 4283 736 4323 ex
749 4275 838 4337 quoet
850 4278 866 4317 a
880 4258 1044 4316 mortalitate
1096 4268 1231 4317 utcontra
1248 4261 1371 4332 pietatem
1394 4261 1492 4332 aliquid
1514 4259 1622 4329 laceret,
1639 4263 1765 4334 precepit
1779 4277 1825 4318 rex
1846 4249 1889 4318 ille

249 4382 280 4431 et
292 4387 309 4429 a
322 4373 384 4428 rito
394 4365 530 4426 curriculo
542 4354 982 4434 erigentemporecireumscripto
999 4366 1044 4407 te·
1097 4355 1250 4424 Pareamus,
1271 4354 1318 4412 sed
1332 4354 1398 4410 illud
1417 4353 1524 4426 agebat,-
1538 4361 1567 4409 ut
1578 4354 1655 4412 trium
1675 4353 1779 4410 diorum
1798 4363 1890 4409 cessa·

249 4467 391 4526 cedimus:
404 4463 504 4536 quippe
515 4459 560 4532 goi
575 4455 681 4512 mmeui
695 4461 788 4509 natura
803 4447 939 4512 mortales,
953 4442 1044 4500 obllei
1099 4446 1199 4503 tionem
1217 4447 1358 4518 reperiret.
1374 4444 1440 4502 Nam
1455 4446 1513 4502 aine
1524 4445 1614 4512 diuino
1629 4454 1694 4501 nutu
1715 4447 1814 4502 bonum
1829 4444 1890 4501 nul·

249 4570 341 4616 umen
351 4553 574 4614 consuetudinem
590 4547 749 4604 familiarem
760 4539 794 4598 ad
809 4539 891 4596 vitam
902 4532 1044 4609 progredi·
1098 4538 1153 4594 lum
1169 4535 1195 4594 in
1216 4549 1324 4596 nostros
1342 4537 1446 4594 animos
1464 4539 1591 4594 uenerit:
1610 4545 1690 4593 nutus
1704 4551 1768 4592 rero
1787 4535 1891 4592 dicium

248 4669 313 4712 mur
324 4648 515 4708 immortalem.
527 4643 632 4701 Etenim
646 4640 692 4713 qui
717 4653 777 4694 curn
800 4636 857 4690 beo
876 4630 1045 4688 familiariter
1097 4631 1203 4690 labores
1224 4631 1362 4688 nobiscum
1384 4629 1554 4703 aggreditur,
1569 4644 1668 4702 eosque
1688 4628 1816 4701 praeclare
1829 4627 1891 4685 snb-

248 4754 382 4811 rersatur,
399 4749 487 4798 morte
500 4739 577 4795 iilum
592 4728 834 4804 omniqneinteritn
847 4723 1046 4796 potioremesso
1098 4717 1180 4806 letag,
1201 4723 1224 4778 si
1239 4729 1332 4794 preces
1346 4721 1436 4780 rideat
1450 4737 1465 4778 a
1479 4722 1556 4780 nobis
1568 4721 1656 4794 diligi,
1670 4735 1774 4791 nosque
1786 4719 1892 4777 assidue

249 4843 423 4899 mactat.
438 4834 536 4903 Atque,
547 4838 576 4884 ut
587 4835 630 4883 eet
642 4823 752 4881 omnino
766 4831 888 4884 necesse,
912 4815 956 4886 qui
979 4813 1046 4870 solia
1099 4813 1185 4869 Deum
1208 4828 1287 4870 orare
1309 4828 1342 4869 ac
1362 4826 1474 4884 sperare
1492 4819 1589 4869 concta
1615 4811 1678 4868 inde
1700 4811 1734 4867 ad
1758 4823 1808 4868 noo
1823 4810 1891 4868 bona

249 4930 335 4990 radiis
348 4911 859 5000 potittur,ateuebrisprocutabesae:
875 4909 911 4964 ita
920 4906 966 4964 net
981 4921 1047 4963 con·
1099 4902 1267 4962 descensura.
1295 4903 1408 4974 ando
1426 4904 1506 4976 igitur
1525 4905 1640 4977 aliquem
1662 4903 1742 4960 video
1762 4915 1778 4960 a
1801 4914 1893 4976 prora·

251 5022 396 5084 metttdiue
422 5019 555 5076 fruentem
580 5025 692 5070 necesse
712 5015 756 5066 est
777 5020 831 5064 non
853 5004 968 5076 amplius
985 5015 1047 5059 esse
1099 4997 1180 5054 uocis
1193 4996 1283 5053 atndio
1303 4997 1409 5065 abesae,
1431 5007 1519 5069 neque
1540 4995 1612 5052 illius
1632 4995 1736 5053 ardenti
1757 5006 1789 5054 ae
1810 4995 1892 5054 relae-

251 5115 395 5176 mortalena
409 5128 417 5168 r
430 5107 563 5169 ooaeoim
575 5105 610 5162 ad
624 5098 854 5161 immortalitatem
867 5091 1046 5166 ipaabonoris
1100 5086 1184 5145 menti
1197 5101 1290 5144 amore
1313 5089 1407 5155 teneri,
1427 5088 1482 5160 mm
1498 5088 1563 5144 milri
1577 5087 1743 5158 exploratam
1757 5097 1810 5157 eat,
1826 5087 1892 5142 nibil

250 5197 626 5281 magnitudotraducitiiam
641 5192 842 5265 si,goiregena
854 5190 1046 5260 alloquuntur,
1100 5183 1135 5240 ab
1146 5197 1179 5240 ao
1190 5182 1371 5259 magnificum,
1382 5182 1448 5238 nihil
1460 5181 1616 5255 pneumam
1628 5179 1769 5254 possideri.
1780 5179 1893 5251 Quantb

253 5311 282 5360 et
312 5298 384 5373 apud
398 5297 472 5354 illum
489 5295 577 5352 locum
597 5287 720 5346 obtinent
746 5285 892 5358 dignitatis,
912 5283 971 5340 lieri
993 5295 1047 5337 rroo
1099 5293 1166 5334 vero
1191 5277 1306 5350 murtam
1329 5289 1413 5334 cerno
1434 5273 1461 5333 in
1482 5277 1538 5333 ileo
1556 5275 1670 5333 colende
1694 5275 1752 5332 elne
1773 5274 1896 5330 attiettte

256 5401 357 5466 pumat,
369 5399 398 5448 ut
421 5387 511 5460 inopia
529 5383 663 5450 laborent,
676 5381 733 5438 lieri
747 5377 858 5436 omnino
875 5377 956 5446 longe
977 5373 1048 5432 dttt-
1100 5371 1256 5444 penitiore,
1269 5373 1368 5444 qunque
1380 5385 1434 5427 non
1447 5369 1552 5442 precari
1565 5369 1672 5427 astltlm
1687 5369 1713 5424 ln
1727 5367 1832 5439 magnis
1843 5379 1895 5422 nu··

254 5487 333 5543 cilius
343 5488 484 5557 poteenut
495 5475 542 5551 qui
554 5471 734 5558 supplicesad
745 5471 829 5526 ileum
850 5465 999 5537 accedunt,
1020 5472 1050 5521 et
1101 5461 1395 5533 moretdotrimentio,
1411 5461 1532 5519 omnium
1550 5461 1626 5517 ilium
1644 5461 1772 5518 uirtutum
1794 5457 1893 5516 acerrl·

255 5593 318 5636 eum
330 5592 364 5636 eo
378 5575 579 5644 colloquantur,
587 5565 714 5626 mortales
720 5564 825 5636 animos
837 5560 1025 5633 nandacmtur
1037 5571 1046 5611 a
1101 5569 1177 5612 mam
1191 5553 1333 5620 collocem,
1349 5553 1450 5628 beigue
1464 5554 1592 5625 templum
1605 5561 1666 5610 etse
1677 5551 1805 5622 condeio.
1820 5547 1896 5620 Quod

254 5690 330 5732 mora
344 5672 416 5729 enim
430 5676 474 5724 est
486 5664 567 5722 animi
582 5659 775 5731 ritaapietate
786 5669 818 5711 ae
832 5652 934 5724 legibus
947 5650 1046 5708 aliena.
1102 5648 1261 5704 aiamietus
1282 5645 1411 5715 bominis,
1427 5647 1524 5718 pedum
1546 5641 1672 5719 maus,
1687 5649 1714 5701 el
1734 5646 1804 5701 risus
1835 5643 1896 5698 den·

256 5764 385 5836 Eiusdem
394 5761 475 5832 igitur
484 5757 566 5819 animi
580 5755 635 5822 nita
646 5757 787 5808 constatet
799 5745 947 5818 religiono,
960 5751 989 5799 et
1001 5757 1047 5798 ae-
1102 5741 1170 5798 tium
1182 5745 1242 5813 guar
1262 5741 1291 5796 in
1309 5752 1343 5796 eo
1362 5747 1427 5795 sunt
1447 5739 1543 5810 retegit
1559 5737 1653 5811 (Ereti.
1669 5736 1713 5794 ld.
1727 5735 1786 5811 ill,
1801 5747 1898 5792 secun·

257 5851 513 5915 dominatricem,
539 5860 599 5917 quae
623 5859 685 5900 cnm
705 5841 836 5913 religione
857 5836 1048 5896 contendant:
1102 5831 1166 5888 dum
1188 5833 1337 5903 eapientem
1358 5829 1548 5897 salomonemp
1570 5828 1760 5900 multomagis
1780 5821 1898 5900 precatio

290 5951 328 6013 ta)
344 5946 546 6000 oemnmmrtn
556 5939 623 5992 colo.
641 5938 709 5991 loco
1105 5923 1207 5996 bogae
1218 5926 1306 5983 cultus
1319 5931 1361 5982 cst
1371 5923 1482 5995 justitiae
1507 5920 1705 5994 argumentum,
1721 5929 1783 5977 cum
1797 5916 1842 5975 iila
1854 5923 1896 5974 rt·
