4142 6342
199 262 322 325 stt,

203 469 375 535 frueremini,
401 482 433 521 ac
449 466 584 522 liberalem
600 473 822 537 etsnmptuosum
837 468 995 524 convivato-

201 578 259 619 rcm
274 559 344 617 nacti
357 558 461 615 essetis.
475 558 560 615 Porro
572 555 598 614 id
610 574 663 615 non
683 558 762 615 laede
776 566 878 615 tanetum
895 558 996 615 audiri·

202 669 279 721 mus,
304 652 350 709 sed
371 652 429 727 ipso
448 652 524 708 nohis
546 651 730 723 experimento
751 660 916 724 compertum
941 657 993 710 est.

193 734 291 805 ‘l'ttcre
302 746 410 819 quippe,
425 745 471 817 qui
484 760 515 811 ea
528 761 588 817 que
601 744 767 814 dicebantur,
782 756 876 803 cuncta
893 749 994 821 relere-

203 844 280 908 lmnt,
310 851 382 897 etex
400 840 523 913 reliquiis
541 839 575 897 de
598 848 653 897 toto
665 840 789 897 convicio
810 841 991 911 conjecturam

203 932 323 989 fecimus.
340 931 430 1003 ltaque
443 933 641 989 concitatorem
661 932 767 1005 quidem
782 934 885 989 leudoti
899 976 905 999 ‚
921 934 993 1004 ejus·

202 1040 254 1095 que
273 1024 495 1096 magnificentiam
517 1040 548 1081 ec
569 1024 870 1083 divitiaseommendoti
887 1044 894 1084 ι,
909 1026 955 1081 scd
967 1033 995 1084 et

203 1134 251 1173 ros
262 1128 372 1191 propter
384 1120 453 1175 lraoe
464 1118 675 1177 benevolentiam
692 1120 784 1177 beatos
798 1120 951 1193 predicari,
967 1127 995 1177 et

203 1218 311 1281 prepter
330 1208 515 1281 diligentiam,
536 1210 607 1283 quod
632 1222 685 1267 tam
709 1221 832 1270 aceumte
850 1228 910 1283 quer
923 1212 993 1269 dicta

203 1312 266 1358 suot
285 1302 414 1357 memoria
434 1302 564 1370 teneatis,
580 1310 609 1359 ut
621 1304 703 1359 etiem
714 1304 747 1359 nd
762 1304 829 1361 aiios
849 1302 994 1362 transferre

204 1393 320 1467 possitis.
350 1392 494 1465 Propterea
512 1408 562 1451 nos
577 1410 683 1467 quoque
697 1396 768 1467 apud
792 1396 929 1453 entitatem
948 1412 993 1453 rc·

204 1496 286 1543 stram
301 1486 472 1558 perlubenter
484 1486 649 1544 disserimus.
673 1487 740 1545 Nem
752 1489 796 1559 qni
810 1504 857 1545 sua
870 1491 993 1548 commit·

206 1579 237 1635 tit
248 1576 309 1633 huie
322 1576 382 1633 loeo
396 1578 509 1645 semine,
521 1595 575 1635 nnn
590 1594 621 1636 ea
636 1594 714 1637 secus
727 1580 797 1637 riam
811 1581 927 1653 projicit,
943 1598 994 1639 nec

206 1671 232 1727 in
246 1671 334 1741 spinas
349 1670 478 1742 eNundit,
492 1688 580 1745 neque
596 1687 676 1744 supro
692 1658 793 1749 petrem
807 1678 922 1733 seminat
935 1693 942 1732 ι
957 1677 994 1733 lto

204 1765 308 1835 pinquis
320 1775 347 1821 et
363 1763 459 1821 lertilis
471 1774 512 1821 cst
523 1780 587 1838 ager
600 1777 704 1836 tester,
723 1777 750 1825 et
762 1768 851 1823 omnia
865 1782 926 1841 qocc
944 1783 994 1826 suo

203 1858 263 1914 sinu
274 1857 410 1928 exceperit
426 1858 637 1929 multiplicantur
648 1860 681 1915 ah
694 1874 727 1916 ee
739 1861 852 1917 semino.

221 1976 224 1981 ·
238 1950 381 2007 Attentiores
394 1949 539 2007 abditorum
554 1952 678 2019 ιπίιαια,
699 1950 834 2023 perpendit
846 1952 936 2025 oqendt'
950 1968 994 2007 rc·

204 2043 298 2097 tiones
309 2040 387 2097 Paali
405 2040 509 2097 Petram
522 2043 698 2113 vituperantis.
712 2073 748 2083 —
765 2042 953 2099 Verumtamen
970 2045 994 2101 si

204 2148 328 2205 umquam
342 2147 473 2189 summam
494 2134 658 2191 alacritatem
681 2134 782 2201 atainei,
807 2149 994 2207 summumque

202 2226 319 2283 studium
332 2225 465 2284 audiendo
477 2228 633 2283 concinnem
644 2226 821 2295 exhibuistis,
837 2230 906 2285 sient
918 2244 992 2287 sem·

202 2334 252 2391 per
265 2318 439 2387 exhibuistis,
452 2318 521 2377 hane
533 2328 560 2377 et
573 2320 706 2377 hodierne
717 2320 761 2379 die
773 2320 839 2379 mihi
858 2332 919 2395 pcto
929 2338 994 2396 qra-

203 2413 267 2469 tiam
281 2412 401 2470 concedi.
421 2412 513 2484 Neque
524 2414 596 2472 enim
611 2414 645 2473 de
657 2414 739 2475 rebus
751 2417 904 2489 vulgaribus
915 2419 994 2477 ochis

203 2512 246 2559 est
264 2503 413 2575 egendum,
427 2504 475 2561 sed
488 2505 522 2562 de
536 2506 568 2560 iis
582 2521 642 2577 quae
662 2507 750 2579 magni
774 2516 836 2563 sunt
854 2510 994 2566 momenti.

140 2619 143 2626 ·
205 2594 335 2665 Quocirca
344 2595 410 2651 mihi
422 2596 620 2669 perspicacibus
632 2612 699 2669 opus
711 2606 752 2654 est
768 2600 864 2666 oeulis,
878 2601 993 2657 excitata

204 2699 305 2758 orente,
316 2690 479 2747 assensibus
493 2691 889 2765 erectisettenteeoqitatione,
904 2693 994 2751 attineo

205 2782 320 2839 insomni
333 2796 365 2839 ae
377 2783 503 2855 vigilanti.
528 2783 676 2843 Audivistis
689 2784 761 2841 enim
778 2800 873 2841 omnes
885 2796 993 2858 apesto-

206 2876 284 2933 licam
304 2878 445 2935 lectionem
460 2898 467 2933 ι
481 2888 509 2937 et
522 2880 545 2936 si
560 2878 621 2950 quis
633 2878 775 2953 diiigenter
788 2880 902 2942 attendit
918 2882 951 2941 sd
963 2894 995 2943 ea

203 2985 263 3040 qnos
275 2970 342 3025 lecta
355 2980 436 3037 sunt,
462 2986 557 3044 magna
579 2973 656 3029 nobis
678 2976 824 3032 certamina
838 2977 995 3051 laboresque

202 3064 280 3121 uobis
293 3063 422 3123 hodierne
431 3065 476 3123 die
486 3068 702 3138 propositosesse
712 3071 845 3141 cognovit.
855 3070 918 3127 Gens
929 3073 994 3127 eninr

203 3159 324 3227 remoue,
348 3160 451 3230 inquit,
479 3158 570 3217 Petrae
584 3160 762 3230 Mdeeltiam,
776 3164 803 3218 in
818 3164 996 3235 federneite·

204 3251 256 3307 etiti
270 3250 341 3325 (Gal.
352 3251 379 3307 2.
395 3248 452 3326 ll).
927 3314 931 3323 ,

239 3344 266 3401 2.
280 3342 414 3417 Numquid
427 3360 640 3419 unumqttemque
650 3356 768 3405 restrum
780 3350 831 3407 hoc
843 3351 993 3421 conturbat,

204 3438 267 3495 dom
280 3438 354 3497 audit
364 3439 443 3495 Petro
454 3440 584 3498 restitisse
598 3440 710 3498 Paulum
725 3444 882 3500 :colomnae
894 3445 996 3501 scilicet

204 3528 333 3589 Ecclesiae
346 3530 417 3587 inter
429 3546 459 3589 se
473 3531 579 3598 collidi',
598 3541 679 3605 atque
696 3534 723 3590 io
737 3532 893 3591 seinvicem
906 3536 995 3591 ineur-

203 3623 282 3681 rerel
304 3623 440 3695 Siquidem
460 3639 524 3681 rere
544 3626 676 3683 columne
693 3633 756 3683 sunt
778 3628 842 3695 isti,
864 3627 910 3699 qui
933 3628 995 3685 lirici

203 3723 301 3773 tectum
311 3716 442 3773 susdnent
454 3725 483 3773 et
494 3726 610 3790 gestant,
623 3727 651 3775 et
662 3718 794 3776 colomnae
808 3730 835 3777 ct
848 3734 995 3791 propugna-

202 3809 272 3877 cula,
286 3817 313 3865 et
325 3809 453 3867 Ecclesiae
465 3813 585 3882 corporis
603 3813 690 3879 oculi,
713 3822 740 3869 et
760 3812 890 3871 bonorum
907 3812 994 3871 lentes

203 3916 235 3959 ec
249 3902 380 3969 thesauri,
396 3910 424 3959 et
436 3911 545 3974 portus,
563 3912 590 3961 et
604 3904 789 3977 quodcumque
802 3905 900 3962 dixerit
919 3906 994 3977 quis-

205 3992 286 4063 piem,
298 3992 410 4051 necdum
423 4002 614 4052 inmensorum
628 3996 783 4068 dignitatem
798 3996 913 4069 aequabit
926 4016 932 4053 :
947 3996 995 4053 scd

204 4092 303 4157 quanto
317 4086 431 4157 majores
441 4095 519 4144 erunt
532 4087 634 4155 landes,
649 4096 722 4144 tatuo
736 4088 836 4160 majora
852 4088 929 4155 nobis
944 4088 995 4145 eh·

202 4176 273 4250 ieeta
283 4187 362 4237 erant
373 4180 531 4237 certamine.
553 4180 692 4238 Attendite
703 4182 784 4252 igitar
797 4201 804 4237 ε
816 4196 864 4252 pro
874 4182 994 4254 patribus

203 4270 276 4329 enim
291 4271 369 4331 nobis
382 4272 525 4331 dicendum
538 4282 593 4342 est,
619 4282 648 4331 ut
661 4274 781 4347 coniecta
797 4274 824 4331 in
836 4290 884 4333 ecs
902 4290 917 4331 a
932 4291 994 4347 pro·

204 4366 273 4427 lenis
296 4376 324 4426 et
342 4384 358 4425 a
378 4368 440 4426 ildei
463 4368 584 4427 hostibus
605 4369 716 4426 crimine
738 4369 900 4427 refellamus.
930 4370 995 4427 Cant

204 4470 287 4519 eutem
304 4463 410 4519 amittet
423 4461 517 4519 Petrus
535 4462 711 4531 dnticelriom,
727 4466 756 4520 in
766 4466 856 4538 {eciem
869 4466 891 4520 ei
902 4466 992 4534 restiti,

627 254 659 313 tn
677 254 791 327 tutuo,
811 259 845 315 tu
864 259 990 317 steten
1009 249 1123 322 exano
1142 258 1286 323 aestui.

201 376 388 440 consolebatur
399 374 480 431 etiam
491 372 567 439 illud,
576 372 646 445 quod
655 386 703 427 ros
712 374 820 445 opipare
835 383 888 430 tum
899 390 992 433 mense

1783 272 1838 334 b'ld

1049 378 1187 435 reritntcm
1198 388 1342 450 presentes
1353 396 1405 437 non
1418 382 1562 439 erubuerit.
1578 382 1613 439 ht
1624 382 1769 441 lieeteasit
1779 385 1839 442 leus

1048 468 1134 539 Pauli,
1149 481 1267 527 nostrum
1282 472 1309 528 itt
1324 474 1440 530 dedecus
1453 474 1516 531 illtttl
1529 474 1609 531 cedit.
1624 475 1692 543 Quid
1705 477 1775 531 enim
1790 492 1837 533 re·

1048 561 1100 616 lert
1111 560 1181 633 qued
1194 571 1266 619 reete
1284 564 1383 621 Paulus
1404 565 1537 637 gesserit?
1556 566 1591 622 At
1609 565 1773 638 malcqcssil
1785 566 1838 623 Pe·

1047 662 1114 723 trus,
1130 654 1260 726 siquidem
1279 672 1332 712 non
1346 664 1421 716 recle
1435 659 1598 715 anthnlabat.
1616 658 1684 728 Quid
1696 674 1761 729 erqo
1773 658 1837 714 mihi

1046 749 1166 819 prodest,
1178 750 1284 820 quondo
1294 751 1362 807 alter
1371 766 1404 807 ex
1415 752 1473 824 hiqa
1485 767 1571 825 equus
1584 750 1734 808 claudicet?
1746 751 1838 822 Neque

1047 841 1120 897 enim
1135 840 1199 896 mihi
1211 857 1273 897 eum
1286 842 1370 899 Panlo
1385 859 1428 900 res
1440 852 1494 911 est,
1508 844 1555 901 sed
1568 860 1630 900 cum
1643 844 1770 916 prolenis.
1793 843 1838 898 ld·

1045 935 1118 991 cireo
1131 936 1210 1015 etiam
1220 937 1342 1001 obsecro,
1358 947 1387 992 ut
1399 938 1554 994 attendatis.
1567 938 1674 994 Etenim
1690 937 1837 995 accusatio·

1045 1041 1107 1082 nem
1121 1041 1215 1099 aegeo,
1227 1028 1429 1099 gratioremque
1441 1029 1534 1095 reddo,
1551 1038 1579 1085 ut
1589 1029 1704 1086 studium
1718 1035 1835 1086 vestram
1906 1066 1910 1073 -

1045 1118 1170 1175 excitent.
1194 1119 1245 1189 Qui
1257 1121 1328 1177 enim
1342 1122 1369 1176 in
1383 1123 1528 1178 certamine
1541 1132 1664 1179 uersatur
1675 1164 1682 1189 ‚
1695 1122 1798 1194 vigilat,
1810 1130 1838 1178 et

1045 1212 1090 1282 qui
1103 1228 1151 1283 pro
1163 1220 1238 1283 petre
1251 1213 1355 1281 metuit,
1371 1221 1412 1269 cst
1431 1222 1567 1271 attentus:
1581 1214 1625 1286 qni
1640 1214 1836 1270 accusationem

1044 1304 1136 1373 audit,
1153 1315 1226 1376 optet
1240 1306 1364 1379 excipere
1376 1306 1570 1364 detensionem.
1592 1306 1621 1364 Si
1634 1322 1699 1378 erqo
1711 1306 1837 1377 incipiam

1044 1397 1239 1451 accusationem
1252 1409 1403 1469 aegerque
1414 1396 1536 1453 exanimi
1551 1397 1602 1453 mei
1616 1397 1745 1453 sententia
1755 1396 1836 1452 serbe

1045 1486 1089 1545 illa
1106 1487 1219 1559 proiecti
1241 1489 1383 1551 censentis.
1407 1488 1650 1561 Prolurrdcqnippc
1662 1499 1778 1545 mentem
1789 1503 1839 1545 ex·

1045 1593 1128 1647 aare,
1154 1588 1182 1636 et
1194 1580 1273 1636 altinas
1293 1581 1319 1636 in
1342 1584 1432 1639 animo
1444 1563 1534 1638 sulces
1547 1596 1614 1653 eqo,
1637 1590 1667 1637 ut
1680 1579 1837 1652 profunditas

1043 1671 1122 1742 jactae
1134 1674 1273 1728 sententie
1286 1674 1405 1730 leoncius
1424 1674 1558 1738 haereant,
1573 1681 1601 1730 et
1622 1671 1692 1729 lldeii
1706 1671 1837 1729 memoria

1046 1773 1195 1822 teneantur.
1219 1766 1313 1823 Sedet
1331 1765 1359 1824 in
1374 1767 1478 1823 leudem
1489 1767 1562 1823 urhis
1573 1776 1669 1822 vestre
1683 1764 1723 1841 (a)
1737 1764 1838 1821 οεᾱοιιι

1045 1871 1105 1927 quse
1119 1856 1250 1913 dicentur.
1266 1856 1311 1913 hta
1324 1860 1422 1930 qnippe
1433 1869 1569 1914 certamen
1586 1858 1709 1928 excepit,
1729 1857 1773 1913 illa
1789 1871 1839 1927 pu·

1045 1963 1125 2019 prtem
1141 1968 1149 2003 ε
1163 1949 1217 2005 ime
1230 1964 1296 2006 vero
1310 1965 1364 2004 non
1388 1964 1525 2021 pugnam,
1549 1947 1597 2004 sed
1618 1962 1679 2019 quse
1696 1944 1839 2003 ridebatur

1048 2056 1109 2099 esse
1122 2056 1221 2113 pugne,
1235 2052 1362 2098 eceteram
1378 2056 1443 2111 pace
1454 2039 1547 2112 queris
1561 2038 1651 2095 utilior
1660 2036 1770 2095 exstitit.
1778 2034 1838 2095 Non

1045 2133 1117 2191 enim
1131 2134 1166 2189 ite
1180 2134 1300 2190 membra
1315 2143 1406 2189 nestra
1426 2146 1570 2190 nervorum
1589 2129 1755 2203 amplexibus
1769 2128 1839 2185 inter

1046 2241 1076 2283 sc
1085 2226 1251 2299 integuntur,
1266 2235 1294 2282 nt
1307 2224 1420 2297 apostoli
1432 2225 1551 2282 caritatis
1563 2230 1641 2281 erant
1652 2222 1722 2278 inter
1735 2234 1766 2277 se
1778 2218 1839 2275 tie·

1046 2312 1253 2390 entiseopuhlt.
1660 2343 1663 2348 «
1824 2334 1828 2346 .

1082 2412 1109 2468 5.
1124 2409 1265 2466 laudastis
1286 2408 1414 2465 Paulum?
1432 2407 1530 2464 semite
1548 2421 1615 2480 erqo
1636 2420 1690 2477 quo
1710 2412 1789 2476 poeto
1801 2402 1837 2461 ed

1046 2502 1243 2561 accusationem
1268 2500 1376 2558 tendant
1398 2500 1488 2569 Pauli,
1511 2514 1572 2571 quea
1595 2497 1763 2567 dictasunt,
1784 2494 1840 2552 nisi

1046 2613 1128 2654 unum
1142 2596 1257 2668 aliquem
1276 2595 1303 2650 in
1323 2593 1412 2650 terhis
1426 2590 1610 2649 absconditum
1622 2601 1731 2646 sensura
1744 2586 1840 2645 obscr-

1048 2704 1152 2746 vemus.
1168 2688 1237 2759 Quid
1251 2689 1308 2756 ais,
1329 2702 1346 2743 c
1363 2686 1467 2743 Paule?
1480 2684 1625 2760 tnerepssti
1638 2683 1761 2753 Petraea,
1776 2696 1839 2739 suot

1046 2781 1122 2839 illum
1137 2780 1243 2840 uideres
1254 2780 1288 2840 ad
1303 2778 1440 2839 veritatem
1457 2779 1587 2851 evangelii
1608 2793 1660 2835 nott
1679 2768 1752 2833 recte
1765 2776 1840 2833 inec·

1048 2878 1129 2935 derel
1143 2879 1215 2934 Bene
1237 2876 1328 2932 habel.
1343 2875 1398 2932 Cur
1419 2874 1500 2948 igitur
1511 2872 1545 2928 ln
1557 2870 1666 2945 lerion?
1681 2885 1730 2927 eur
1747 2867 1839 2925 ΰοωιιι

1047 2972 1180 3029 cornices?
1188 2970 1282 3028 Nonne
1291 2970 1403 3026 remotis
1415 2966 1522 3025 arbitris
1535 2964 1592 3022 tieri
1603 2960 1838 3036 reprehensionem

1047 3063 1184 3137 oportuit?
1197 3064 1232 3119 ht
1247 3071 1273 3119 tu
1287 3060 1421 3133 quomedo
1433 3059 1540 3131 publice
1553 3056 1682 3129 judicium
1704 3052 1837 3118 instituis,

1046 3165 1073 3211 et
1087 3152 1185 3211 inultos
1199 3154 1376 3210 accusationis
1395 3160 1477 3208 testes
1493 3148 1601 3207 reddis?
1614 3146 1680 3218 Quis
1697 3160 1751 3202 nco
1768 3144 1840 3202 dicet

1047 3246 1110 3303 odic
1125 3246 1279 3317 impellente
1291 3242 1343 3301 hoc
1357 3259 1370 3297 a
1386 3252 1413 3299 te
1425 3242 1493 3307 lieri,
1509 3240 1551 3298 rel
1565 3255 1598 3296 ex
1612 3236 1710 3295 invidia
1723 3234 1766 3292 rel
1779 3244 1839 3291 sto·

1047 3337 1092 3394 dio
1105 3336 1302 3393 contentionis?
1314 3335 1409 3392 Nonne
1424 3343 1451 3389 tu
1464 3349 1494 3390 es
1506 3331 1568 3400 ille,
1583 3329 1629 3402 qni
1639 3327 1761 3392 dicebas,
1782 3324 1840 3381 tce

1051 3438 1105 3484 clue
1119 3446 1175 3485 sunt
1189 3428 1297 3498 infirmis
1318 3436 1347 3481 at
1366 3426 1484 3497 triennes
1506 3424 1545 3495 ll.
1565 3421 1624 3478 θοι.
1639 3420 1667 3478 9.
1688 3418 1754 3492 flii
1770 3416 1840 3486 Quid

1047 3539 1128 3595 porro
1141 3532 1197 3591 est,
1216 3521 1331 3591 infirnrie
1353 3531 1381 3576 et
1402 3518 1542 3591 infirmes?
1558 3515 1797 3581 condescendens,
1812 3522 1841 3569 et

1047 3614 1183 3672 occultans
1198 3601 1305 3670 illorum
1318 3612 1438 3675 xttlttere,
1453 3611 1549 3683 inquit,
1564 3624 1651 3680 neque
1663 3608 1837 3679 permittens,

1046 3718 1075 3763 ot
1090 3708 1117 3763 in
1138 3707 1329 3777 impudentiam
1351 3704 1565 3773 prolaberentur.
1590 3700 1696 3769 Ergone
1716 3694 1761 3768 qni
1774 3708 1839 3765 erpa

1047 3798 1190 3870 discipules
1212 3796 1281 3853 adeo
1300 3796 1432 3851 sollicitus
1459 3793 1531 3848 haisti
1554 3799 1581 3847 ct
1605 3788 1749 3859 henqnns,
1774 3798 1839 3855 erge

1047 3890 1228 3961 coapostolum
1242 3886 1359 3944 erudelis
1372 3884 1502 3942 censistit
1513 3883 1571 3938 Non
1583 3880 1690 3937 audiisti
1703 3877 1839 3935 Christum

1047 3981 1275 4046 ascenaentem
1298 3979 1437 4051 peremerit
1455 3980 1536 4048 frater
1549 3984 1623 4039 tum,
1641 3972 1720 4039 mee,
1739 3970 1839 4041 corripe

1048 4092 1105 4130 eum
1119 4076 1183 4129 inter
1197 4083 1222 4128 te
1234 4074 1353 4143 elipeum
1366 4072 1448 4128 selena
1462 4068 1568 4140 (Nectit.
1584 4066 1629 4123 ld.
1645 4064 1708 4136 {bii
1722 4063 1838 4119 diluet
1953 4074 1956 4077 ’

1049 4168 1152 4238 publice
1164 4166 1286 4238 corripis,
1301 4173 1330 4221 et
1341 4179 1373 4221 re
1386 4170 1536 4235 perpetrata
1550 4158 1681 4232 glorieris.
1694 4155 1759 4243 Grae
1770 4155 1838 4209 enias

1047 4263 1152 4318 cenimet
1164 4260 1266 4329 Petras,
1282 4259 1377 4331 inquit,
1391 4254 1560 4318 Anticehiern,
1572 4252 1599 4308 in
1611 4251 1702 4322 (ories
1713 4248 1735 4305 ei
1746 4246 1836 4303 restiti.

1047 4354 1139 4427 Neque
1158 4353 1263 4426 publice
1283 4359 1385 4407 tantum
1406 4348 1537 4419 corripis,
1558 4343 1705 4401 sedetiam
1724 4342 1796 4399 relat
1809 4341 1837 4397 ia

1047 4448 1171 4504 columne
1191 4444 1306 4518 quadam
1329 4442 1414 4500 literis
1436 4440 1552 4498 exoratis
1566 4450 1680 4510 puqnatu
1702 4434 1775 4492 ittam
1794 4434 1837 4490 in·

203 4554 471 4626 recremehmeittts
482 4566 535 4611 erat
549 4554 619 4625 (Gal.
634 4556 663 4612 2.
677 4558 782 4629 liet),
806 4555 906 4614 petente
921 4557 995 4615 addi.
1048 4543 1166 4615 sculpis,
1184 4541 1217 4597 ad
1231 4536 1388 4596 memoriam
1401 4536 1461 4593 lacti
1472 4536 1661 4607 sempiternam
1672 4548 1681 4585 x
1691 4538 1721 4585 ut
1734 4544 1788 4586 nen
1799 4527 1838 4583 ilii

205 4658 335 4707 turcsusa
350 4648 566 4719 reprehensionis
582 4646 680 4705 :Prisc
695 4649 779 4716 enine,
795 4666 871 4721 quent
885 4648 995 4706 uenirent
1048 4644 1150 4692 tantum
1162 4634 1207 4704 ‘1¹¹¹
1216 4632 1338 4698 idmssh
1349 4629 1396 4685 ⁸0⁶
1407 4638 1434 4684 0²
1445 4640 1539 4683 ΟΜ
1547 4624 1593 4697 qui
1603 4624 1697 4680 ΟΜ
1707 4630 1838 4675 'mm

202 4736 306 4808 quidum
325 4738 465 4807 edoceto,
486 4756 545 4797 cem
566 4740 681 4813 pensile,
702 4740 790 4799 ,delae
810 4758 893 4798 :cum
911 4751 996 4797 amm
1048 4723 1318 4788 htcoinnthomines,
1333 4736 1366 4777 ex
1381 4718 1562 4791 epistolarem
1577 4715 1650 4772 ittam
1662 4716 1836 4817 cognoscant.

203 4832 342 4901 emissem,
355 4833 515 4890 tahtrehebot
527 4841 551 4889 et
565 4834 712 4907 seqreqcbel
723 4850 769 4901 xe,
784 4834 873 4891 timens
885 4850 938 4903 eos,
951 4835 996 4905 qai
1047 4816 1152 4875 3500300
1165 4825 1251 4872 lecum
1261 4821 1371 4886 ‘delum
1382 4811 1496 4882 ³N⁰⁵¹⁰¹i
1509 4806 1695 4879 J⁰f⁰⁵⁰¹iffl¹⁸t
1707 4816 1768 4859 ⁰⁰⁰¹
1777 4808 1840 4873 Μ

204 4924 433 4981 οωσίτιιιιιιείιίοιια
444 4934 526 4983 erent.
537 4924 571 4981 tte
583 4926 741 4983 ritttuletioni
752 4927 807 4997 ejas
816 4912 995 4983 consenserant
1040 4918 1133 4967 '³¹¹¹l05
1148 4904 1348 4980 l¹¹i²⁰⁰sd⁰⁰iffl
1368 4901 1520 4969 θὸθθῠᾶῑθῑῑ,
1544 4909 1573 4955 ¹¹²

205 5012 288 5067 esici
310 5014 416 5083 latei,
439 5019 476 5073 ita
495 5026 523 5073 et
545 5027 568 5073 et
588 5018 720 5077 hamatae
733 5020 865 5076 quem-,ens
875 5018 906 5075 ,t
920 5020 956 5075 μ’,
968 5020 996 5075 p,
1049 5004 1102 5060 illis
1115 5000 1268 5059 conlerrcsi
1280 4996 1375 5055 Nonne
1386 5004 1415 5051 tn
1428 4993 1504 5059 dicis,
1519 4991 1583 5048 Peet
1595 5004 1676 5044 onnes
1686 4982 1840 5058 qxnmmde·

205 5104 277 5159 illem
295 5106 488 5165 ximsleticnem.
503 5112 556 5167 Sed
566 5128 624 5169 eant
638 5114 772 5181 vidissent,
787 5112 855 5185 quod
867 5128 918 5167 non
931 5122 997 5167 reete
1050 5098 1100 5151 ⁶le
1121 5091 1241 5160 “inlidit
1260 5099 1282 5146 θ’
1296 5087 1391 5145 ‘imilla
1412 5100 1469 5142 iim
1490 5085 1526 5139 ὅ*
1544 5080 1713 5153 Middfdmr
1728 5090 1841 5131 mmm

205 5197 362 5255 enumerent
384 5200 419 5254 ad
435 5203 565 5257 aeritelem
583 5206 724 5279 eernqelii,
750 5206 803 5261 tier·
819 5204 896 5260 Petro
910 5221 996 5260 rorant
1048 5207 1106 5247 vm
1116 5205 1174 5244 ssim
1188 5187 1220 5242 ¹⁵5³
1233 5186 1276 5259 4⁸5
1290 5182 1437 5240 'Milli'
1448 5177 1546 5247 “filliis
1557 5189 1611 5231 ⁰⁸⁸⁶
1623 5172 1693 5244 (Μ’
1707 5171 1736 5225 ²·
1751 5170 1777 5225 ι·
1791 5168 1840 5237 m

205 5288 329 5348 ,mm-pp„
353 5290 387 5349 E,
397 5307 478 5365 suppa
489 5293 573 5360 (pepp,
595 5294 628 5349 1„
639 5297 748 5367 wem,
763 5305 791 5353 ει
803 5296 854 5353 po,
867 5296 937 5362 1000,
947 5296 997 5353 σο.
1048 5284 1117 5353 Quid
1129 5281 1226 5355 igitur?
1238 5280 1306 5336 Num
1321 5289 1441 5334 seorsum
1454 5271 1577 5329 conterre
1589 5278 1617 5325 te
1628 5268 1761 5325 volentem
1776 5277 1840 5370 pre·

204 5400 260 5437 roan
280 5385 406 5443 omnihus.
431 5384 526 5443 Netete
541 5385 611 5443 istud
625 5386 696 5459 qued
707 5386 774 5443 dixit
788 5405 795 5442 :
810 5385 902 5443 Coram
912 5389 996 5445 onmi-
1049 5377 1203 5445 hibucrunt,
1219 5382 1246 5430 ⁰²
1261 5374 1286 5429 5¹¹
1301 5370 1418 5427 medium
1432 5365 1609 5431 iddllmffllh
1624 5370 1704 5433 illie
1717 5358 1842 5415 ΝΜ

205 5474 260 5531 bes.
281 5476 313 5533 st
332 5489 425 5533 tecum
437 5476 545 5534 ludente
558 5480 602 5545 tie,
622 5480 749 5552 qentiliter
760 5480 831 5545 aitis,
846 5489 868 5535 et
880 5496 930 5535 non
944 5479 996 5536 lu·
1049 5468 1242 5543 prodiderunt?
1256 5464 1312 5521 ilici
1327 5476 1380 5519 non
1393 5468 1490 5532 potest.
1510 5458 1570 5513 iam
1584 5466 1612 5511 tu
1631 5456 1710 5525 igitur
1720 5460 1841 5507 marnam

204 5567 295 5638 deice,
323 5572 448 5641 qecmede
474 5580 559 5645 pentes
584 5574 653 5644 copis
679 5570 840 5627 iudaizare?
872 5573 997 5631 Fortasse
1049 5562 1173 5625 coniers,
1197 5572 1248 5614 nec
1270 5554 1341 5611 ullus
1360 5548 1540 5608 contradicit:
1556 5557 1584 5603 tu
1607 5559 1671 5601 xeno
1691 5540 1842 5614 apostolom

205 5656 315 5715 Paulum
331 5661 504 5735 obloquendi
517 5664 666 5722 libertatem
689 5665 831 5735 laudastis,
846 5665 917 5741 quod
932 5682 995 5739 per·
1050 5656 1136 5730 hiltini
1153 5650 1288 5710 millib?
1304 5648 1345 5703 3¹¹
1358 5659 1422 5702 lem
1435 5652 1537 5700 ‘imum
1555 5640 1610 5697 ΜΨ
1628 5634 1843 5696 mmmm

204 5764 278 5807 sone
304 5752 458 5827 dignitatem
483 5772 536 5813 non
563 5758 712 5830 reveritus,
735 5766 843 5833 prepter
863 5758 994 5833 evangelii
1028 5836 1033 5845 Ι
1084 5772 1120 5837 (e)
1139 5766 1268 5819 nnuoehte
1284 5758 1477 5813 mmemthec
1492 5757 1576 5808 credo.

1589 4894 1757 4966 connection
1776 4904 1839 4948 eom
1922 4917 1929 4925 ·
