4142 6342
235 304 308 375 Stil¹
608 303 637 361 S.
658 301 799 394 loannis
817 301 1057 362 clttttsostllttt
1075 302 1237 361 nnettlttr.
1257 303 1525 363 constentinot.
1830 312 1884 370 560

235 436 314 479 saera
327 437 390 478 uasa
403 422 540 479 secleratis
553 419 675 477 manibus
687 422 841 492 eontiuqere
854 436 935 478 susus
948 432 1032 489 esset,
1088 420 1154 489 rios,
1168 430 1198 477 ut
1210 436 1262 476 uon
1277 420 1366 477 dirius
1382 422 1438 487 ira,
1453 423 1500 479 sed
1513 424 1629 481 bornum
1642 428 1759 497 nequltia
1773 426 1799 483 id
1814 431 1871 485 soei

236 526 326 586 neque
339 514 383 571 bis
396 523 553 579 contentus,
566 512 728 569 contumelia
749 512 860 569 ulterius
879 528 1036 585 progressus
1089 512 1162 570 disse
1175 512 1373 571 testificaretur.
1387 514 1532 577 Guntorlus
1544 524 1632 573 tutnen
1648 526 1729 589 atque
1741 519 1884 591 laceratus,

237 616 312 664 esset
331 606 414 680 (ipsis
429 607 500 663 euim
515 606 628 661 intersis
649 614 677 663 et
691 607 717 661 in
737 608 889 678 parimento
902 608 996 680 positis
1008 617 1036 664 et
1088 620 1149 661 eum
1169 606 1272 661 nullutn
1297 616 1387 677 posset
1417 607 1555 675 iudicare,
1581 610 1709 665 divinitus
1736 611 1886 671 immissum

236 702 375 770 estensis,
394 702 428 759 its
451 701 570 773 insedit)
591 702 737 774 derepente
762 702 860 773 inrqom
881 701 1035 776 hujusmodi
1091 698 1173 755 luisse
1185 698 1272 770 ignem
1286 708 1397 757 testatus
1411 710 1462 768 est,
1482 709 1513 757 ul
1531 701 1620 775 nuilus
1638 702 1694 773 jum
1710 703 1786 760 loeus
1799 704 1886 776 impu-

234 794 368 858 sessiouis
388 807 484 865 poenas
496 794 592 851 dedit:
608 794 668 865 ejus
686 795 760 854 enim
774 793 891 852 terenda
909 804 1036 865 eorrupts
1089 788 1337 862 deuteraqeutibus
1352 792 1556 865 relinqueretur.
1576 793 1630 851 Sed
1644 796 1715 869 qnod
1731 798 1810 868 paulo
1823 808 1889 855 aitte

236 886 376 943 vermibus
387 886 538 955 sestebsnt,
553 886 589 943 its
604 896 633 943 ot
647 887 734 959 palam
745 886 953 944 esset'ntorbum
968 886 1036 942 diti·
1088 882 1170 937 sliunt
1186 882 1213 937 in
1229 883 1316 939 lucum
1333 885 1441 949 remisi,
1461 900 1531 941 nuuc
1552 896 1684 957 oportune
1704 887 1802 945 dicnrn.
1817 889 1887 958 Quid

235 980 311 1037 nitus
324 980 475 1046 immissum
490 979 593 1048 [υἱῆας
614 980 648 1037 ad
661 982 757 1037 vulnus
769 980 918 1037 curandum
939 979 1035 1036 medici
1088 971 1230 1030 illudent
1244 974 1280 1029 lla
1296 973 1497 1032 illiusttnimunt
1511 978 1641 1033 exierl'ltss
1663 990 1774 1051 lildt'lyr,
1790 990 1887 1037 utnon

235 1082 367 1133 maeleim
379 1088 444 1131 ates
456 1074 567 1147 pinques
579 1082 660 1147 atque
673 1075 827 1147 peregrinas
840 1076 874 1131 ud
889 1074 1036 1146 putrefacta
1090 1066 1158 1123 ulna
1172 1066 1294 1139 progredi
1310 1067 1431 1125 auderet.
1449 1068 1540 1139 Neque
1553 1070 1624 1126 enim
1640 1079 1780 1143 postquam
1795 1088 1887 1129 saeer-

237 1164 361 1225 msmbra
372 1165 560 1236 admouentes,
571 1167 908 1225 sermionlmerocsbsnt:
924 1168 961 1226 itti
971 1184 1036 1225 uero
1089 1161 1190 1227 dotem,
1202 1177 1283 1234 quern
1298 1162 1371 1233 prius
1385 1170 1458 1218 tanto
1478 1163 1504 1217 lu
1521 1162 1624 1220 ltouore
1637 1164 1763 1232 babebat,
1785 1165 1887 1221 lutrensi

236 1274 293 1317 nou
316 1259 522 1332 abscesserunt,
545 1260 594 1319 sed
618 1260 754 1319 mordiens
776 1260 891 1332 putridis
917 1262 1036 1333 partibus
1090 1255 1151 1311 scoti
1166 1268 1245 1311 musa
1259 1264 1298 1311 tot
1312 1256 1389 1313 mstis
1400 1254 1536 1323 affecerat,
1550 1256 1587 1312 ita
1598 1264 1628 1313 ut
1640 1257 1793 1325 immanius,
1806 1273 1887 1329 quatu

240 1354 382 1417 numnam
394 1372 402 1411 ς
415 1364 497 1427 atque
508 1353 546 1411 tq,
559 1354 635 1412 titum
646 1354 738 1413 mutin
748 1353 843 1411 diebus
853 1350 1034 1427 quampiam,
1090 1346 1259 1418 sanguinaria
1274 1345 1350 1415 iera,
1374 1348 1408 1403 nb
1419 1347 1478 1419 ejus
1492 1345 1606 1405 sortasse
1620 1347 1747 1406 vorandis
1759 1350 1887 1407 carnibus

237 1446 312 1505 mele
336 1446 522 1519 perdiderunt.
543 1446 620 1504 Alius
643 1460 707 1503 tero
726 1446 858 1518 quispiam
872 1446 1037 1519 imperatorii
1090 1455 1144 1497 non
1158 1440 1349 1509 abstinuisset,
1374 1441 1425 1499 nisi
1446 1457 1490 1499 res
1502 1442 1666 1500 exsecranda
1687 1444 1812 1503 omnibus
1833 1445 1889 1501 visa

212 1593 219 1611 ,
238 1538 327 1596 aerarii
345 1548 436 1595 eustos
447 1538 626 1606 constitutus,
642 1537 797 1610 priusquam
811 1537 879 1593 aulae
890 1536 1037 1608 imperato·
1091 1543 1164 1591 esset
1177 1551 1184 1590 r
1199 1545 1321 1592 sanctum
1345 1536 1419 1591 illurn
1441 1538 1488 1609 qui
1510 1552 1540 1593 os
1556 1536 1685 1595 temonis
1706 1538 1887 1607 obstruxerat,

237 1632 289 1689 rie
301 1631 385 1691 limen
400 1632 558 1703 pronutient,
571 1630 780 1702 ststimerepuit
792 1629 914 1699 medius,
929 1631 1038 1688 similis·
1066 1644 1186 1685 -rursus
1206 1628 1232 1684 iu
1255 1630 1349 1687 urbem
1369 1630 1541 1698 deduxisset,
1565 1641 1594 1687 ut
1615 1631 1718 1703 majore
1738 1632 1765 1689 in
1785 1630 1890 1689 bonore

238 1738 293 1795 que
304 1723 445 1797 columem
456 1722 550 1796 desilii
570 1738 664 1795 peenas
685 1723 768 1781 dedit.
782 1722 848 1780 llaee
865 1732 894 1781 et
906 1722 949 1780 bis
964 1724 1038 1794 plum
1091 1730 1163 1777 esset
1178 1740 1185 1776 :
1198 1735 1260 1777 uam
1274 1723 1297 1779 si
1311 1736 1366 1777 non
1378 1732 1467 1792 autea,
1480 1738 1541 1779 cum
1551 1720 1657 1779 daemon
1669 1737 1700 1779 se
1713 1722 1810 1779 riorum
1824 1738 1892 1779 eoo-

239 1816 316 1890 (ttos
329 1816 402 1875 enim
420 1816 476 1889 jaro
489 1818 581 1875 omnis
594 1832 737 1876 reeensere
756 1826 862 1890 tempus
874 1820 933 1890 ess)
946 1832 1038 1875 seeum
1090 1812 1181 1871 lessus
1193 1824 1253 1883 est,
1268 1824 1295 1871 st
1307 1823 1382 1872 eerte
1395 1825 1455 1887 post
1475 1815 1629 1873 inoendiuut
1643 1816 1733 1874 omuis
1747 1816 1889 1873 evertisset

236 1918 367 1981 reputsns
386 1910 517 1967 soeieslus
538 1910 604 1979 lile,
628 1910 806 1968 temeritatem
827 1924 904 1966 susm
927 1908 1039 1965 ulterius
1092 1914 1120 1961 et
1133 1905 1305 1977 perdidisset,
1318 1922 1426 1979 eopsarn
1440 1917 1468 1964 et
1486 1916 1629 1981 utrumque
1642 1910 1800 1982 martyrium
1815 1922 1891 1965 eosn-
1931 1932 1933 1937 ·

237 2014 401 2073 promovere
413 2016 467 2059 oon
479 2001 604 2060 audebat.
620 2001 697 2073 Quod
709 2009 799 2058 sutem
818 2002 939 2057 neesson
953 2016 969 2055 o
982 2014 1041 2055 me·
1092 1996 1241 2063 bussisset,
1257 2008 1312 2053 tunt
1328 1998 1399 2070 quod
1423 1999 1449 2056 in
1470 2000 1599 2072 bapltno,
1614 2010 1670 2057 tum
1691 1999 1763 2073 quod
1781 2002 1807 2058 iu
1823 2000 1891 2059 urbe
1944 2004 1948 2013 ’

238 2094 300 2165 ipso
311 2092 409 2163 diesin,
422 2110 456 2151 et
470 2094 504 2152 lis
518 2110 579 2167 quse
592 2095 627 2151 ob
643 2095 703 2167 ipso
720 2104 813 2167 postea
826 2103 902 2167 qesta
919 2093 1039 2161 sunt,id
1092 2096 1170 2167 erat,
1194 2090 1244 2147 nisi
1261 2100 1348 2147 metus
1364 2092 1429 2147 tram
1443 2102 1599 2163 superasset
1615 2108 1648 2149 ae
1661 2092 1776 2151 formido
1788 2106 1889 2151 mmro-

239 2186 413 2258 qompinnuun
429 2188 501 2255 ortu
521 2188 627 2245 interim
642 2202 708 2245 suro
725 2187 846 2245 niumm
864 2187 964 2245 mim
975 2200 1039 2258 par·
1092 2194 1150 2237 reru
1164 2180 1280 2238 uicisset.
1297 2181 1392 2240 Solent
1405 2185 1476 2241 enirn
1491 2185 1587 2253 multi,
1602 2199 1664 2241 oum
1680 2184 1760 2241 irael
1774 2198 1890 2241 moerore

241 2291 397 2349 sequamur,
1092 2275 1282 2346 corripiuntur,
1304 2277 1328 2333 si
1350 2278 1515 2348 egritudinis
1536 2288 1660 2337 rumores
1683 2278 1886 2353 apprehendero
1910 2346 1915 2355 ,

246 2420 251 2429 .
280 2367 418 2443 Templum
433 2381 458 2428 et
470 2380 555 2428 nutus
567 2371 695 2444 Apollinis
714 2372 774 2445 iqu
791 2371 825 2429 ds
837 2372 902 2428 eolo
914 2378 990 2429 uste.
1003 2399 1041 2411 -
1093 2382 1148 2424 non
1162 2368 1287 2439 valeant,
1310 2371 1337 2429 in
1359 2371 1451 2427 obvios
1467 2386 1587 2444 quosque
1609 2388 1641 2429 ae
1662 2380 1802 2443 suspectos
1823 2372 1890 2429 iram

240 2461 311 2533 Quid
332 2462 413 2535 iqitnr
434 2464 533 2522 exinde
551 2464 663 2523 eveniti
680 2464 876 2523 Adnitendum
889 2479 956 2521 esne
974 2462 1040 2521 illud
1093 2458 1240 2517 ellundere.
1264 2460 1322 2519 Non
1338 2464 1429 2534 prorui
1445 2472 1534 2521 autem
1554 2462 1606 2521 ltso
1622 2464 1775 2535 suspicione
1789 2472 1891 2535 runrtpr

239 2562 293 2623 nst,
303 2553 375 2625 quod
388 2568 443 2613 nnn
458 2556 605 2627 potentiam
619 2556 710 2625 modo,
720 2555 770 2613 sed
782 2556 864 2613 etiam
878 2554 1039 2614 ineffabilem
1093 2563 1173 2611 erat:
1189 2568 1251 2609 narn
1274 2554 1354 2611 simul
1375 2564 1455 2627 atquo
1478 2556 1505 2631 in
1527 2555 1619 2613 urbem
1634 2554 1776 2627 pertenit,
1799 2554 1890 2611 statim

239 2647 290 2707 oet
306 2646 497 2720 bemqoitstem
511 2648 638 2707 ostendit.
653 2647 721 2705 ilum
733 2647 843 2706 sanetus
854 2658 958 2722 martyr
970 2647 1040 2707 intra
1092 2646 1163 2719 ipsuis
1178 2646 1308 2719 templum
1322 2648 1429 2705 inussit.
1453 2647 1506 2705 Sed
1522 2646 1593 2719 quod
1606 2646 1681 2715 dixi,
1704 2645 1815 2703 silemus
1829 2660 1890 2701 oum

153 2804 156 2810 ,
241 2748 403 2811 septiens,
419 2740 463 2798 nbi
477 2728 897 2814 prtusrttostnerst,snlaquau
911 2740 1039 2813 liapboen
1092 2738 1189 2799 adeotn
1211 2741 1365 2813 pugnabat,
1390 2742 1510 2813 iramque
1531 2740 1654 2797 uincebat
1676 2749 1775 2799 metus.
1798 2739 1891 2811 Coqils

239 2830 366 2900 norbet,
390 2832 523 2904 msttqnm
544 2848 610 2891 vero
630 2833 737 2892 muron
760 2834 850 2891 entim
873 2832 987 2902 didicit,
1010 2848 1042 2891 ss
1094 2836 1265 2906 euimquslis
1278 2850 1341 2893 osso
1354 2844 1459 2907 potemt
1474 2836 1519 2893 iile
1532 2834 1688 2901 virbonus,
1703 2848 1763 2891 eum
1780 2833 1806 2887 in
1825 2832 1891 2889 sub·

239 2922 341 2981 frustm
361 2921 471 2980 fraudes
483 2938 547 2981 suas
565 2924 689 2983 molitum
703 2940 785 2992 esse;
805 2940 895 2997 oeque
906 2927 957 2982 sibi
978 2940 1041 2983 oum
1093 2927 1200 2987 urbium
1222 2929 1391 2996 osoeudeus,
1417 2931 1574 3001 martyrium
1599 2937 1674 2984 stans
1694 2935 1835 2995 eerneret,
1860 2942 1892 2985 oe

239 3023 349 3077 1111111110
363 3022 478 3086 bublum
499 3012 578 3085 ¹⁰¹0·
600 3016 650 3076 ⁸3⁴¹
664 3030 725 3073 1111111
738 3017 862 3082 illeille,
885 3032 918 3073 oe
931 3017 1042 3075 viriliter
1095 3024 1226 3094 templum
1239 3024 1390 3087 incensum,
1404 3023 1503 3080 idolum
1517 3023 1647 3091 deletum,
1660 3021 1771 3079 dottariu
1783 3022 1892 3077 absunt·

242 3113 350 3179 neon,
364 3120 397 3164 ⁸⁶
407 3120 507 3165 11011811
522 3115 636 3173 linium·
649 3107 697 3165 8111
708 3108 833 3166 omnibus
845 3108 926 3165 11111111
938 3108 1041 3165 diemo·
1095 3124 1160 3187 pls,
1185 3116 1349 3174 liberalitatis
1369 3132 1426 3175 sum
1440 3126 1468 3175 et
1486 3116 1611 3173 errantem
1632 3132 1737 3189 pompm
1758 3116 1891 3172 sublataut

240 3197 324 3264 »Μ
334 3195 459 3257 iustiore.
474 3197 561 3256 Deum
573 3198 646 3257 euim
659 3209 783 3271 preeattts
795 3210 825 3258 nt
837 3200 963 3273 iquemio
975 3212 1043 3259 tem·
1094 3206 1263 3265 memoriam.
1290 3208 1401 3265 Etiamsi
1415 3208 1487 3265 orlim
1501 3225 1564 3266 oum
1579 3209 1641 3265 talin
1656 3208 1790 3265 videntem
1805 3222 1892 3279 neque

241 3289 319 3363 illm
331 3290 509 3357 immitteret,
524 3299 610 3347 totum
624 3299 723 3349 teetum
737 3292 902 3359 combussit,
916 3288 1042 3365 idolotpt'se
1095 3301 1136 3356 im
1151 3316 1238 3373 nequo
1260 3300 1367 3357 tristitie
1389 3301 1568 3369 invasissent,
1596 3300 1725 3373 pudorem
1749 3311 1823 3357 certe
1837 3314 1891 3355 nou

240 3384 280 3443 sd
291 3392 428 3442 mtrsmos
443 3398 530 3456 usque
551 3384 636 3457 pedes
655 3384 819 3457 sbsumpto,
845 3387 882 3444 ita
903 3396 934 3445 ot
954 3387 1043 3460 pultis
1096 3391 1216 3459 tulisset,
1233 3393 1370 3465 risumque
1388 3400 1511 3460 lantont;
1527 3392 1615 3449 sedin
1634 3392 1705 3449 beati
1727 3392 1798 3450 illins
1816 3407 1892 3449 mnr-

242 3485 350 3533 tsotum
366 3484 395 3533 et
415 3474 484 3533 einis
504 3487 677 3547 remaneret,
699 3478 814 3549 parietes
832 3479 921 3537 solum
940 3489 1042 3537 stantes
1096 3484 1194 3557 tyrium
1208 3484 1421 3557 iniqunsmanus
1433 3486 1609 3551 extendisset,
1626 3486 1675 3541 nisi
1689 3486 1726 3553 id,
1740 3484 1810 3556 quod
1823 3485 1891 3553 diri,

242 3565 417 3639 intactosque
428 3568 546 3640 reliquit.
558 3568 589 3627 st
601 3570 663 3641 quis
675 3584 742 3627 tero
756 3586 829 3628 noue
845 3571 935 3629 lorum
951 3572 1041 3641 sdeat,
1094 3576 1260 3633 eobibuisset
1280 3578 1365 3635 illuns.
1386 3576 1478 3649 Neque
1499 3578 1572 3634 euim
1595 3577 1730 3634 modicum
1751 3586 1809 3633 orat
1820 3576 1891 3649 quod

241 3676 413 3735 nequisquam
433 3663 502 3737 iguis
522 3664 549 3721 id
569 3679 639 3737 opus
659 3679 721 3723 esse
733 3665 853 3724 dixerit:
869 3682 956 3739 neque
968 3669 1041 3725 enim
1095 3678 1160 3727 tono
1180 3670 1319 3742 agebatur,
1342 3670 1389 3727 sed
1411 3686 1518 3729 omnem
1540 3672 1679 3744 gentilium
1701 3670 1891 3728 conlidensiatn

239 3756 397 3817 tmolum
417 3757 559 3817 liudoino
577 3758 938 3833 aliquoordiue,nequeor
952 3762 1041 3819 inani·
1095 3762 1265 3835 prmolderat,
1280 3778 1388 3820 omnem
1402 3763 1521 3819 latinam
1534 3764 1717 3831 extorseram
1737 3772 1892 3835 tarrtamqoe

113 3893 120 3915 .
237 3858 319 3909 ⁴testa
335 3851 447 3907 materia
468 3850 566 3909 laetum
587 3852 783 3918 esseridetnr;
806 3852 856 3910 sed
870 3856 946 3925 qussi
961 3871 1042 3912 nanno
1096 3854 1296 3913 iiliammstitias
1310 3855 1453 3927 raliqinom
1466 3854 1612 3922 oilndural,
1626 3854 1891 3927 quaotsmsiomnio

241 3941 360 4015 quodem
371 3943 461 4016 iqnem
472 3944 701 4013 eireuntdooeote,
712 3961 746 4003 ae
755 3956 922 4017 monstrante
932 3948 1042 4019 quibus-
1096 3944 1175 4001 simul
1189 3946 1285 4017 templs
1300 3947 1451 4017 periissent.
1527 3938 1534 3959 ¹

239 4051 307 4097 nam
327 4050 458 4110 paruero,
479 4053 604 4111 qusemm
625 4040 769 4097 absumta
789 4050 946 4111 oporteret,
969 4048 1041 4098 tants
1132 4038 1176 4093 tlt.
1197 4036 1298 4095 bidanil
1314 4037 1444 4094 suonodia.
1459 4036 1582 4106 -Qood
1594 4050 1683 4096 autem
1705 4038 1764 4096 baeo
1784 4054 1837 4096 non
1849 4038 1892 4109 jat-

244 4144 345 4202 uosnpe
355 4130 1042 4203 musioniumnntosrtittetotemplumnenetum
1095 4130 1243 4189 etsbuudos
1263 4129 1389 4197 ellersm,
1413 4130 1470 4201 ipsa
1485 4130 1565 4187 rorbs
1585 4130 1695 4187 lamenti
1709 4138 1738 4188 et
1759 4130 1891 4188 monodlm

243 4229 307 4290 est;
329 4236 419 4293 neqm
429 4236 496 4279 tero
508 4223 598 4281 simile
613 4231 656 4279 est
674 4222 800 4279 ioeeutlio
812 4222 932 4287 abestis,
947 4224 996 4280 sed
1009 4224 1044 4280 iis
1096 4224 1249 4295 proteram,
1265 4238 1344 4295 quant
1360 4222 1433 4278 urbis
1448 4222 1566 4292 sophista
1582 4234 1645 4279 tone
1660 4222 1685 4278 iu
1703 4221 1776 4280 buno
1789 4222 1891 4279 dumo·

243 4330 359 4387 quornm
369 4316 472 4389 integra
485 4328 571 4389 sepis,
592 4334 655 4390 qum
673 4319 732 4377 solo
750 4328 822 4375 teoto
842 4317 942 4376 babent
963 4334 1041 4392 opus.
1097 4334 1158 4374 uem
1183 4317 1276 4375 edidit.
1292 4316 1339 4374 Sie'
1353 4326 1443 4375 autern
1467 4318 1549 4375 babet
1566 4319 1660 4375 unnim
1679 4318 1807 4383 initium:
1825 4316 1890 4387 Viri,

142 4482 145 4488 Ι
244 4407 445 4480 Reliqnneuim
458 4420 539 4482 atque
552 4412 701 4479 oolumnse,
715 4421 770 4468 turn
785 4429 846 4484 qun
860 4422 970 4481 teotnm,
986 4423 1042 4470 tum
1096 4428 1204 4485 querunt
1218 4410 1317 4480 oculis,
1340 4427 1411 4485 aeqse
1435 4412 1562 4488 nqmeis,
1577 4410 1660 4483 reliqu
1674 4410 1824 4480 opusnest,
1847 4426 1892 4467 ner

245 4515 307 4571 quse
318 4502 479 4561 restoulon
500 4503 661 4573 fulciebant,
676 4521 730 4562 uua
747 4515 859 4576 exeepta
873 4522 934 4577 qum
946 4506 979 4563 sd
994 4523 1041 4578 po·
1097 4504 1249 4575 pulchrum,
1263 4520 1308 4558 ner
1322 4520 1441 4576 muqnurn
1454 4503 1571 4577 deinceps
1584 4504 1650 4559 dune
1664 4504 1750 4561 urbem
1765 4520 1890 4561 surmus.

239 4596 388 4654 steriorom
409 4596 500 4669 tempii
515 4606 618 4669 partem
639 4599 726 4671 posits
746 4608 822 4666 emt,
843 4609 917 4655 stsut
936 4614 1041 4657 nusum.
1097 4594 1200 4652 Deinde
1219 4609 1280 4650 eum
1298 4594 1425 4652 nonnulla
1439 4594 1772 4675 dipissstosseruissetquo
1789 4595 1823 4652 de
1841 4594 1893 4651 ba-

243 4686 312 4747 idee
332 4698 423 4747 tameo
441 4704 495 4747 nou
516 4696 619 4748 temese
639 4699 704 4748 tuno
716 4690 803 4748 tracta
822 4702 881 4761 est,
895 4693 944 4750 sed
962 4708 995 4751 es
1008 4693 1044 4751 de
1096 4687 1184 4759 pbnes
1197 4688 1286 4746 tabula
1299 4686 1398 4764 (usquo
1419 4693 1492 4747 eutrn
1508 4698 1590 4747 totam
1611 4693 1759 4747 orationem
1784 4690 1828 4747 bie
1850 4691 1893 4747 iu·

239 4798 345 4848 osum,
367 4800 449 4857 quam
466 4800 530 4843 mox
544 4786 640 4843 dieturi
658 4801 762 4844 snmus.
787 4786 845 4845 iloo
866 4788 911 4845 ubi
935 4789 1042 4856 sooidlt,
1098 4793 1190 4841 texere
1206 4794 1312 4857 tempus
1324 4785 1440 4857 patitur,
1455 4800 1490 4842 ue
1510 4786 1662 4859 longiores,
1677 4802 1756 4858 quarn
1772 4795 1892 4858 porest,

236 4878 337 4943 statim
350 4877 482 4936 demonis
495 4879 623 4937 ssoerdos
644 4880 677 4937 ad
699 4881 816 4938 tribnosl
837 4883 940 4954 rapitur
957 4892 985 4939 et
998 4884 1042 4939 in·
1097 4878 1182 4935 tintus
1193 4878 1214 4949 ),
1225 4878 1379 4947 Persarum,
1394 4880 1490 4952 inquit,
1503 4878 1549 4937 ille
1563 4894 1620 4947 ror,
1636 4880 1682 4951 qul
1696 4880 1832 4937 civitatem
1846 4894 1894 4936 ee·

243 4968 334 5027 eortdii
353 4978 492 5027 soemrem
514 4971 632 5030 indicare
652 4974 766 5046 ooqitor.
787 4974 855 5032 Cum
878 4991 932 5032 uon
951 4984 1044 5048 posses
1098 4974 1147 5044 plt,
1163 4973 1264 5043 templo
1284 4974 1423 5044 pepercit:
1439 4974 1496 5046 ipsa
1521 4988 1602 5045 porro
1627 4974 1708 5031 verbs
1734 4974 1792 5031 lure
1810 4982 1892 5031 suut:

244 5068 346 5127 sutem,
369 5062 443 5132 eom,
465 5064 585 5122 distortis
606 5074 684 5123 nutet
706 5068 820 5135 enbitis,
843 5069 936 5126 multis
959 5070 1043 5143 piaqis
1100 5067 1153 5136 Qui
1171 5052 1308 5123 eeor‘itum
1327 5075 1416 5124 contra
1436 5084 1483 5125 nor
1502 5067 1594 5134 morit,
1615 5076 1736 5137 prestare
1756 5070 1854 5140 pmuoit
1868 5074 1895 5121 ns

239 5152 413 5225 stertentes,
426 5155 526 5216 delude
546 5158 688 5215 sublimem
701 5168 812 5233 agetttes
825 5160 903 5217 mois
916 5162 1044 5219 lateribus
1098 5158 1218 5232 tsmpltmt
1237 5168 1393 5227 seruaretur,
1409 5168 1548 5229 stutnoeqss
1565 5159 1641 5216 decor
1660 5160 1791 5214 inderiso
1814 5158 1895 5232 sured

245 5246 314 5302 uiltil
337 5248 453 5319 amplius
465 5248 618 5309 didieerunt
638 5268 645 5307 ς
667 5266 700 5307 so
723 5254 835 5323 perinde
853 5254 951 5311 oceidit
963 5262 1044 5325 atquo
1098 5251 1241 5325 provoluit.
1256 5250 1333 5309 Nune
1352 5262 1451 5319 nutrnt,
1468 5256 1551 5323 osol,
1568 5254 1685 5309 oterrol
1698 5254 1754 5325 qnlr
1773 5254 1812 5309 ret
1829 5252 1896 5307 unde

244 5338 274 5395 lu
288 5342 486 5399 resurreetione
496 5342 607 5400 Christi.
621 5344 689 5402 'ium
701 5346 773 5402 enim
794 5345 893 5402 utiliter
906 5346 941 5402 ad
954 5356 1044 5403 eusto-
1099 5346 1140 5401 irie
1155 5346 1243 5415 iustu,
1255 5348 1299 5419 qss‘
1310 5362 1356 5403 nee
1366 5348 1449 5419 prunis
1463 5356 1600 5403 moturae
1611 5346 1751 5414 utilitilus,
1765 5361 1810 5401 nee
1824 5343 1895 5415 equi·

246 5432 320 5490 disto
335 5438 456 5507 eorporis
468 5436 534 5495 deso
550 5439 690 5496 constituti
704 5450 782 5505 sutus,
805 5454 842 5495 ue
858 5449 985 5510 possent,
999 5444 1044 5497 lo·
1100 5441 1185 5510 tiles,
1201 5456 1247 5498 nae
1258 5440 1373 5498 oedtiins
1385 5456 1450 5513 opus
1467 5441 1575 5510 babens,
1590 5454 1669 5514 puros
1684 5438 1796 5496 scintilla
1809 5436 1894 5495 omniu

246 5525 315 5597 quit,
328 5526 453 5600 discipuli
471 5529 537 5587 illud
549 5530 648 5589 militie
660 5530 784 5589 soiiursri
798 5530 906 5602 (letti.
916 5530 962 5587 st.
975 5531 1043 5606 llil:
1099 5535 1264 5609 absumpsit?
1275 5534 1371 5592 Pmtes
1385 5535 1429 5593 ubl
1442 5534 1588 5592 declararit
1607 5532 1757 5590 demonem
1780 5540 1843 5587 tuae
1860 5528 1894 5587 sb

236 5628 375 5677 esetornm
388 5620 477 5679 tatuit
487 5624 527 5680 rei
540 5634 670 5693 meritos,
685 5634 715 5681 ut
734 5625 807 5681 nulls
821 5624 863 5681 tel
879 5626 1043 5697 impudenti·
1099 5630 1146 5689 ltin
1158 5631 1279 5705 (Babylo)
1291 5632 1372 5687 misse
1381 5630 1493 5697 timum,
1503 5642 1564 5686 eom
1574 5640 1618 5686 res
1629 5626 1768 5700 qentllium
1780 5624 1895 5683 maxime

245 5714 300 5772 bus
312 5715 421 5786 quidem
433 5720 541 5775 oeossio
553 5721 766 5791 relinqueretur,
782 5722 826 5793 qui
838 5722 938 5779 tollent
952 5737 1044 5779 resur-
1099 5724 1227 5781 dorerettt
1240 5722 1379 5780 sserifleiis
1391 5732 1418 5779 et
1430 5718 1624 5777 initiationibus
1637 5736 1645 5775 s
1659 5716 1695 5775 tn
1707 5726 1837 5785 motus,
1853 5715 1894 5771 in·

246 5806 377 5872 munais
390 5806 473 5866 tidem
483 5810 589 5869 tollere
606 5813 656 5871 llio
666 5828 773 5886 quoque
786 5815 941 5875 trsltebntar
952 5829 1044 5873 meer-
1100 5816 1174 5887 quit,
1188 5816 1310 5887 templum
1330 5818 1417 5890 inqenr
1437 5816 1504 5872 illud
1524 5813 1649 5875 ditum
1661 5826 1715 5869 sss
1727 5810 1817 5887 ιισμιι
1829 5851 1838 5877 ,
1852 5808 1894 5864 scd
