4142 6342
253 507 326 568 rant,
335 497 488 555 sacerdotes
500 506 527 554 et
538 497 607 555 sacri
621 509 695 555 rates
708 500 799 557 statim
813 500 901 560 edocti
915 517 1013 575 magno
1024 502 1051 559 in

253 590 450 649 bonoreerant.
463 589 498 646 Et
508 588 657 661 Imperator
667 592 775 664 quidem
783 593 904 651 dneesac
912 595 1053 666 praelectos

251 679 1050 756 missosiaciebat,nihilqueducebat,amasioeautemriros,

252 773 487 845 meretricesquee
498 772 643 830 fornicibus
653 775 698 832 nbi
711 777 868 847 prostabant
876 776 998 846 eductas,
1007 792 1052 835 se-

207 857 217 919 i
251 881 313 923 cnm
324 856 476 937 pernrbeur
486 872 606 924 totamm
623 866 727 923 viculos
747 866 981 937 circumducebam
997 868 1050 924 im-

171 1030 176 1035 ·
250 959 403 1031 peratorins
413 968 504 1016 antem
518 975 614 1031 aquus,
630 971 657 1017 et
671 962 824 1037 praetoriani
838 977 960 1019 omnesa
975 970 1051 1034 tergo

249 1054 343 1121 procul
357 1051 552 1122 sequebantnr;
564 1051 674 1110 lenones
684 1062 711 1109 ιι
721 1054 789 1110 lenae
801 1063 925 1127 totusque
935 1055 1051 1111 amasio·

248 1144 1050 1220 rutncoetusimperatoreminmediopositnnacircumdantes

248 1251 300 1307 pcr
314 1236 401 1293 iorum
413 1238 597 1307 ambulabant,
615 1239 675 1295 talia
688 1239 769 1296 verba
780 1240 922 1310 jactantes,
932 1241 1000 1297 tales
1009 1256 1050 1297 ea·

250 1328 1049 1405 chinnoseuundentes,qualesparerarbnjnsmodiolbeinae

249 1422 385 1481 honrines.
397 1409 502 1498 Seianus
511 1440 592 1497 porro
601 1426 658 1481 lraec
670 1416 792 1496 posteros
800 1426 965 1483 incredibilia
974 1436 1049 1498 puta·

250 1525 327 1572 turos
335 1531 406 1583 esse,
415 1518 451 1573 ob
460 1517 632 1573 absurditatis
641 1517 965 1591 rrtngnitudinemzneque
974 1519 1048 1575 enim

249 1606 294 1663 rel
310 1608 427 1678 priuatus
442 1607 523 1663 horno
536 1624 570 1664 ex
588 1609 620 1662 iis
634 1608 679 1677 qui
694 1608 772 1663 rilem
792 1617 950 1681 turpemque
964 1611 1048 1665 sitam

246 1698 392 1766 duxerunt,
405 1709 459 1755 tam
470 1700 596 1756 indecore
607 1701 693 1772 palam
706 1716 785 1773 agere
795 1702 869 1759 uelit.
881 1702 933 1759 Sed
944 1702 978 1759 ad
987 1718 1046 1774 eos,

246 1792 292 1863 qui
305 1791 452 1849 etiamnum
465 1794 625 1864 superstites
639 1804 717 1861 sunt,
731 1796 804 1851 nulla
819 1811 888 1867 opus
902 1797 1046 1855 oratione:

163 1874 167 1882 '
245 1899 309 1939 narn
322 1870 367 1956 qni
385 1894 531 1957 praesentes
550 1886 612 1942 talia
626 1887 769 1957 viderunt,
785 1891 843 1945 bace
860 1888 916 1961 jam
931 1890 1047 1946 audituri

245 1989 320 2035 sunt.
341 1976 405 2035 ldeo
416 1979 488 2035 enim
502 1979 570 2035 ritis
582 1982 728 2037 etiamnum
743 1982 856 2039 testibus
869 1981 928 2039 hnc
941 1983 1046 2051 scribo,

245 2071 355 2143 nequis
377 2088 421 2128 nte
440 2082 532 2131 uetera
551 2074 673 2145 quaedam
694 2076 877 2145 ignorantibus
893 2088 1046 2131 narrantem

244 2181 342 2239 magna
355 2166 464 2223 licentia
477 2168 584 2224 mentiri
597 2168 742 2226 existimet.
763 2170 804 2225 Ex
820 2170 853 2225 iis
870 2170 1000 2242 enirnqni
1012 2185 1045 2226 ea

244 2258 370 2316 viderunt
388 2267 416 2316 ct
435 2274 516 2317 senes
532 2269 561 2317 et
572 2260 686 2331 invenes
697 2261 784 2318 adhue
799 2270 962 2333 supersunt,
977 2277 1046 2333 quos

242 2365 311 2424 rogo
325 2364 430 2421 omncs,
444 2360 474 2407 nt
488 2352 586 2425 siquid
599 2368 615 2407 a
628 2368 672 2410 nae
684 2353 802 2410 additum
816 2354 905 2424 inerit,
917 2354 1046 2411 accedant

243 2460 341 2517 meque
355 2445 519 2519 redarguant
532 2466 539 2502 ε
554 2446 604 2504 sed
618 2447 690 2519 qnod
704 2447 803 2519 aliquid
816 2448 984 2519 addiderim,
999 2465 1045 2507 rne

243 2552 358 2610 arguere
373 2554 427 2595 non
447 2548 577 2612 possunt;
591 2540 663 2611 qnod
678 2541 831 2610 omiserim,
846 2551 957 2614 possunt
972 2560 979 2598 ι
994 2559 1044 2600 ne-

242 2645 296 2702 que
308 2630 380 2689 enirn
393 2631 563 2707 turpitudinis
574 2646 701 2689 excessus
714 2643 803 2705 potest
812 2635 934 2693 oratione
943 2651 1045 2707 repre·

242 2725 354 2783 eentari.
375 2724 495 2783 Posteris
515 2740 580 2782 rero
600 2741 655 2783 non
674 2725 816 2783 credituris
834 2726 887 2783 hoc
907 2727 1041 2799 dixerim,

193 2876 198 2885 ,
241 2818 393 2876 daemonem
409 2820 483 2876 illnm
500 2817 571 2891 apud
587 2834 654 2887 vos,
667 2834 747 2891 quem
766 2820 898 2877 llenerem
918 2820 1041 2891 uocatis,

239 2925 296 2969 aron
311 2910 413 2982 praere
427 2911 524 2967 narinus
538 2912 576 2967 ιι
589 2911 730 2968 rnrrnsnas.
746 2912 818 2967 nnm
834 2901 926 2983 araque
945 2916 1042 2971 marum

241 3011 286 3059 est
299 3002 324 3059 si
336 3002 419 3059 miser
428 3003 490 3070 ille,
504 3003 550 3074 qni
561 3003 713 3059 daemonum
726 3002 842 3060 ludibrio
855 3019 917 3063 sese
931 3020 1042 3077 prorsus

241 3093 384 3151 addixerat
396 3135 403 3161 ,
415 3110 468 3149 raon
486 3092 588 3165 pudore
600 3094 755 3151 alliceretur
768 3093 908 3165 dequibus
920 3096 970 3166 ipsi
985 3096 1039 3165 dii,

240 3202 310 3259 quos
318 3186 376 3259 ipse
385 3187 496 3253 coleret,
507 3185 696 3258 gloriabantur.
706 3186 768 3244 lam
778 3187 838 3258 quis
847 3198 987 3247 recenseat
997 3204 1041 3247 ιι

239 3279 1039 3353 erommrtiaspuerorumqueeadestbueqoippesaeriueia,

239 3389 302 3446 quae
312 3371 481 3430 antechristi
487 3370 633 3428 adverbum
641 3372 764 3429 homines
777 3373 875 3431 oilerre
889 3374 946 3429 ansi
959 3384 1038 3441 sunt,

236 3477 356 3539 postque
372 3466 431 3537 ejns
447 3465 591 3525 adrentum
605 3477 800 3537 cessaverunt,
815 3482 924 3524 rursum
942 3468 1040 3526 instan-

237 3572 304 3616 xare
315 3573 458 3631 aggressus
469 3568 527 3628 est,
539 3575 591 3616 non
604 3559 814 3635 quidempalam
828 3578 835 3615 ι
847 3560 952 3617 etiamsi
966 3562 1039 3622 enim

236 3652 1039 3725 Imperatoressetctarbitratnsuoornniaiacerct,attamen

236 3720 368 3803 facinoris
386 3746 508 3817 impietas
524 3747 730 3820 immanitasque
750 3747 808 3818 ejus
821 3747 960 3819 potestatis
978 3763 1038 3805 nra-

236 3836 405 3909 gnitudinem
419 3839 573 3910 superabat.
588 3839 654 3895 lllnd
667 3847 755 3894 tamen
770 3838 858 3897 lacere
868 3840 927 3897 ausi
942 3848 1014 3897 sunt.

230 3957 234 3968 ·
274 3930 319 3999 15.
340 3928 500 4002 Responsum
523 3930 646 3987 delrionis
664 3929 810 3986 ridiculum.
832 3960 867 3973 .„
887 3932 935 3988 llic
956 3932 1037 4005 igitur

237 4020 392 4095 imperator
412 4024 542 4097 Daphnen
564 4024 718 4097 lreqnenter
735 4040 797 4082 cum
811 4024 902 4082 irruitis
915 4025 1036 4084 donariis

236 4115 404 4185 ascendens,
417 4116 539 4189 piurimis
559 4115 656 4174 oblatis
676 4118 833 4186 sacrificiis,
849 4126 1036 4193 torrentesque

236 4208 376 4281 sanguinis
384 4225 417 4266 cx
427 4211 559 4282 pecudum
570 4212 731 4269 mactatione
741 4210 853 4280 iaciens,
861 4212 1035 4272 vehementer

239 4300 357 4359 instabat
369 4302 505 4360 oraculum
520 4319 536 4359 a
549 4304 672 4361 daemone
683 4320 816 4377 quaerens,
832 4320 982 4379 rogansque
991 4322 1035 4364 re·

236 4392 302 4453 leni
313 4397 384 4454 circa
393 4412 435 4466 ea,
446 4414 506 4470 qum
517 4398 544 4454 in
555 4407 645 4457 mente
653 4398 786 4456 versabat.
795 4401 831 4453 rit
842 4408 969 4457 strennus
977 4399 1032 4471 ille,

299 4511 342 4577 Qui
350 4502 433 4563 menae
443 4526 573 4563 nnmerum
583 4514 651 4564 norit
659 4508 850 4575 mensuramque
858 4512 940 4574 maris,

300 4580 329 4625 lit
343 4575 444 4626 surdum
455 4574 581 4640 iutelligit,
594 4583 621 4626 et
631 4575 725 4626 mutum
739 4574 814 4635 audit,

238 4689 270 4739 ut
288 4680 346 4753 ipse
365 4681 423 4749 ait,
440 4681 526 4737 noluit
538 4679 645 4754 quidem
659 4686 752 4750 aperte
765 4679 908 4752 palamque
922 4680 1032 4750 dicere,

235 4791 268 4834 se
280 4777 316 4833 ob
329 4778 438 4834 beatum
451 4776 596 4849 Babplam,
612 4773 782 4846 vicinamque
797 4773 870 4831 illam
885 4775 1032 4846 virtulem,

235 4868 375 4925 obstructo
391 4882 452 4925 esse
465 4882 532 4934 ore,
547 4881 579 4923 ac
596 4865 670 4938 loqui
692 4881 746 4922 non
768 4881 866 4937 posse,
880 4868 981 4925 neritus
998 4854 1033 4931 ire

236 4963 384 5020 cultoribus
397 4962 454 5019 suis
466 4961 549 5017 risum
563 4968 704 5027 moneret,
718 4974 770 5017 neu
784 4960 870 5017 rictus
881 4960 968 5032 palam
983 4960 1033 5018 dc·

234 5054 469 5129 prehenderetur,
492 5068 601 5111 cansam
625 5052 724 5111 silentii
745 5052 852 5125 apernit
871 5068 879 5108 t
896 5054 950 5109 imo
971 5068 1033 5111 sese

233 5148 321 5222 magis
335 5146 487 5215 ridiculum,
504 5161 583 5218 quam
595 5145 682 5218 ipsum
697 5144 848 5213 silentium,
862 5144 1030 5202 declararit:

233 5256 298 5297 nam
317 5239 425 5298 silentio
440 5238 549 5313 quidem
570 5238 753 5296 infirmitatem
775 5245 876 5295 tanturn
891 5251 969 5294 suam
981 5237 1031 5294 dc·
1048 5248 1051 5257 ’

232 5332 416 5400 monstrabat,
432 5339 488 5389 tum
501 5347 567 5409 uero
580 5330 764 5388 irrsrrmitatem
778 5329 876 5399 simul,
891 5328 1031 5400 turpitudi-

232 5440 296 5483 nem
306 5434 334 5482 et
340 5424 531 5497 impudentiam
542 5440 598 5497 prm
609 5439 639 5482 so
650 5424 764 5492 terebat,
773 5423 836 5479 dnm
844 5437 876 5479 ea
884 5423 1029 5492 occultare,

233 5534 296 5591 qun
304 5519 433 5578 occultari
442 5534 495 5576 non
506 5528 640 5590 poterant,
651 5526 802 5573 conaretur.
812 5514 939 5585 Quanam
950 5516 1032 5587 igitur

231 5609 293 5668 bare
310 5608 411 5668 silentii
424 5608 525 5665 exusal
539 5608 670 5680 llapbne,
686 5606 790 5679 inquit,
804 5605 879 5663 locus
893 5614 936 5663 est
949 5606 1032 5663 cada·

232 5701 343 5758 neribus
357 5700 452 5773 plenus
464 5741 472 5770 ,
486 5698 566 5771 idque
586 5698 725 5757 oraculum
741 5698 860 5771 impedit.
884 5701 920 5755 bt
932 5709 1032 5771 quanto

232 5790 331 5849 niellus
355 5789 460 5861 inisset,
480 5791 581 5859 miser,
596 5791 723 5863 martyris
740 5791 866 5848 rirtutern
884 5792 1030 5865 confiteri,

234 5897 316 5957 quam
333 5882 393 5945 bue
410 5883 580 5961 impudenter
592 5885 759 5961 protereret
774 5885 846 5963 ’llaec
865 5885 971 5951 demon
984 5902 1061 5977 cta-w

645 360 674 421 S.
694 361 834 424 loannis
851 364 1090 425 calatebstotll
1109 367 1268 428 Ancillula
1290 366 1558 444 CONSTth'lh'OP.

1107 486 1231 557 spondit,
1247 487 1342 544 stultus
1357 497 1446 545 autom
1460 488 1626 561 Imperator,
1638 492 1714 562 quasi
1727 490 1754 549 in
1766 506 1846 550 scena
1861 492 1903 553 lu-

1106 580 1174 637 dens
1194 580 1363 654 tabulamque
1381 598 1483 655 agens,
1497 582 1530 639 ad
1544 584 1650 641 ιιιιιιι
1665 585 1754 641 statim
1774 586 1901 660 liabplam

1106 674 1229 730 accessit.
1243 674 1334 746 Atqui,
1349 690 1365 732 o
1377 674 1500 732 scelerati
1513 691 1545 733 ac
1557 675 1775 748 sceleratissimi,
1789 680 1840 735 nisi
1852 695 1902 738 ros

1105 773 1198 822 mutuo
1211 775 1359 838 sponteque
1371 766 1531 838 deciperetis
1543 774 1571 825 et
1582 768 1614 825 ad
1622 769 1742 827 aliorum
1755 770 1901 842 perniciem

1105 846 1275 915 simulatione
1292 859 1453 929 uteremini,
1469 874 1551 931 quare
1566 868 1595 917 tn
1608 859 1839 919 indiscriminatim
1854 876 1901 919 ca·

1103 948 1202 1007 devera
1213 966 1357 1019 memoras,
1367 959 1395 1007 tu
1406 966 1481 1017 vero,
1490 951 1565 1023 qnasi
1576 952 1733 1009 nominatim
1740 951 1901 1011 etdistincte

1103 1044 1235 1114 audisses,
1247 1045 1348 1103 relictis
1360 1046 1418 1102 aliis
1430 1056 1551 1107 sanctum
1565 1046 1654 1115 solnm,
1662 1048 1802 1105 removesi
1814 1046 1901 1120 Opor·

1103 1139 1176 1197 tebat
1199 1138 1270 1195 enim
1297 1138 1444 1195 secundnm
1468 1137 1598 1195 daemonis
1615 1140 1774 1196 sententiam
1806 1154 1900 1196 ornnes

1103 1231 1129 1287 in
1151 1231 1263 1304 Daphne
1285 1232 1401 1289 tumulos
1423 1230 1560 1301 effodere,
1574 1238 1602 1288 et
1624 1231 1778 1289 terriculum
1800 1230 1900 1289 illude

1102 1324 1214 1380 deornm
1229 1333 1337 1395 aspectu
1351 1339 1431 1395 quam
1447 1312 1601 1397 longissime
1621 1339 1771 1382 removere.
1796 1325 1831 1382 ht
1844 1340 1899 1382 non

1101 1415 1136 1473 de
1150 1418 1290 1485 omnibns,
1306 1418 1426 1489 inquies,
1441 1418 1615 1475 cadaveribus
1630 1419 1756 1491 loquutus
1769 1426 1821 1475 est.
1843 1417 1899 1475 Gur

1102 1524 1166 1582 ergo
1181 1510 1206 1567 id
1222 1526 1274 1567 ιιι
1289 1511 1425 1581 professus
1438 1520 1480 1568 est
1493 1510 1588 1567 clarel
1599 1510 1670 1568 Sane
1684 1509 1731 1567 tibi
1744 1510 1813 1568 hanc
1822 1526 1899 1568 erro-

1102 1606 1140 1661 ris
1161 1604 1277 1661 fabulam
1294 1606 1382 1677 agenti
1397 1606 1447 1663 lroc
1459 1606 1572 1678 aenigma
1584 1607 1701 1679 reliquit.
1721 1606 1798 1680 Ego,
1813 1606 1899 1679 inquit

1101 1684 1216 1763 damon,
1231 1697 1361 1753 cadauera
1375 1697 1454 1767 dico,
1471 1714 1505 1757 ne
1520 1714 1563 1757 me
1576 1699 1676 1757 uictum
1690 1708 1782 1771 aperte
1793 1702 1895 1769 latear,

1101 1799 1128 1847 ot
1142 1790 1258 1863 alioquin
1279 1791 1361 1848 timeo
1378 1803 1498 1849 sanctum
1520 1794 1676 1851 nominatim
1700 1793 1821 1867 prolerre
1838 1810 1847 1852 a
1867 1804 1897 1853 ιιι

1100 1882 1171 1953 qarod
1183 1881 1283 1939 dictum
1297 1892 1338 1940 est
1350 1884 1486 1957 intellige,
1501 1882 1528 1943 et
1540 1895 1661 1943 sanctum
1675 1886 1760 1945 solum
1773 1903 1867 1947 amore
1886 1906 1895 1947 a

1100 1974 1145 2033 illc
1160 1976 1258 2047 qnippe
1271 1991 1302 2032 os
1315 1977 1391 2034 nobis
1404 1978 1550 2036 obstruxit.
1575 1978 1686 2037 'laruam
1702 1997 1798 2054 nempe
1810 1981 1897 2043 culto·

1098 2083 1158 2124 rurn
1181 2082 1290 2125 snorum
1312 2068 1473 2126 dementiam
1495 2072 1620 2143 agnouit,
1645 2082 1675 2129 ιιι
1698 2080 1752 2131 tam
1771 2084 1895 2149 ¹aperiant

1099 2158 1219 2216 lrandem
1242 2160 1383 2218 aduertere
1406 2177 1460 2218 non
1485 2172 1616 2233 possent:
1634 2164 1686 2221 etsi
1706 2166 1777 2222 enim
1800 2182 1895 2226 omnes

1098 2263 1190 2313 niente
1208 2253 1278 2323 capti
1298 2254 1438 2327 insanique
1457 2264 1567 2323 essent,
1583 2272 1617 2312 ne
1630 2258 1670 2315 sic
1688 2259 1796 2331 quidem
1810 2260 1895 2319 cladis

1097 2360 1154 2417 snae
1170 2344 1292 2401 notitiam
1313 2345 1439 2419 obtegere
1458 2356 1581 2417 poterant
1595 2366 1601 2403 :
1617 2350 1652 2406 ita
1671 2366 1768 2423 nempe
1782 2351 1895 2409 claruet

1097 2448 1188 2511 aperta
1201 2440 1324 2497 omnibus
1339 2450 1407 2497 erat.
1430 2430 1497 2498 Nam
1511 2442 1534 2499 si
1549 2442 1649 2515 polluta
1663 2444 1785 2515 quaedam
1803 2454 1830 2502 et
1844 2460 1894 2503 ex·
1965 2430 1967 2435 ’

1096 2532 1225 2591 secranda
1234 2548 1278 2590 res
1287 2541 1360 2604 suot,
1370 2544 1400 2591 nt
1409 2534 1483 2599 dieis,
1498 2534 1635 2593 bominum
1645 2536 1785 2607 eadarera,
1794 2548 1893 2611 (quantu

1096 2626 1182 2699 magis
1196 2627 1347 2695 brutorum,
1362 2634 1438 2685 tanto
1452 2628 1554 2686 scilicet
1568 2638 1667 2701 quanto
1681 2628 1732 2687 lroc
1747 2647 1832 2704 genus
1846 2632 1892 2692 illo

1096 2719 1174 2777 silius
1187 2729 1229 2777 est
1246 2737 1253 2775 :
1269 2721 1435 2780 multavere
1451 2737 1566 2789 eanum,
1583 2724 1739 2793 simiarum,
1754 2726 1892 2785 asinorum

1095 2812 1224 2872 cadauera
1238 2814 1361 2886 proxime
1373 2816 1500 2888 templum
1515 2814 1621 2874 defossa
1635 2826 1715 2883 sunt,
1730 2834 1789 2891 qum
1802 2819 1892 2891 potius

1095 2918 1279 2965 transmovere
1297 2908 1455 2980 oportebat,
1469 2908 1520 2965 nisi
1538 2908 1652 2967 fortasse
1666 2909 1788 2969 homines
1802 2912 1890 2971 simiis

1094 3014 1189 3057 marnes
1199 3014 1260 3057 csse
1272 3000 1390 3057 uiliores.
1405 2999 1456 3059 ilbi
1472 3004 1628 3073 nune'sunt,
1644 3002 1687 3074 qui
1701 3002 1839 3075 pulchrum
1854 3005 1888 3062 il·

1094 3090 1140 3147 lud
1152 3078 1200 3149 Dei
1212 3092 1357 3163 opilicinm,
1374 3091 1408 3148 ad
1423 3093 1599 3151 ministerium
1612 3104 1733 3152 nestrum
1746 3106 1887 3165 creatum,

1093 3198 1191 3255 nempe
1201 3185 1296 3253 solem,
1305 3185 1465 3242 contumelia
1475 3184 1594 3243 alliciunt
1604 3228 1612 3253 ,
1624 3194 1652 3244 ct
1660 3186 1773 3245 demoni
1785 3197 1887 3246 astrum

1094 3277 1161 3334 illud
1174 3277 1339 3347 adscribunt,
1353 3288 1433 3351 atque
1446 3280 1518 3337 hunc
1530 3279 1593 3337 illud
1605 3296 1665 3339 esse
1677 3282 1827 3339 allirmantl
1840 3284 1888 3341 Sol

1093 3374 1183 3443 enim,
1197 3372 1371 3432 cadaveribus
1383 3374 1530 3431 innumeris
1543 3375 1569 3432 in
1582 3378 1827 3447 terraemotibus,
1841 3392 1889 3450 per

1093 3467 1247 3527 universum
1260 3466 1352 3525 orbern
1367 3468 1541 3537 dillnnditnr,
1557 3484 1608 3527 nec
1626 3471 1729 3542 uspiam
1743 3470 1833 3527 radios
1845 3470 1887 3545 vel

1091 3560 1227 3617 radiorum
1240 3558 1386 3618 ellicaciarn
1399 3562 1555 3632 pollutionis
1569 3570 1643 3620 metu
1653 3562 1788 3621 contrabit
1800 3580 1807 3620 a
1821 3562 1887 3621 deus

1091 3665 1182 3713 autern
1196 3664 1286 3713 uester
1297 3670 1348 3713 nec
1362 3664 1466 3727 turpem
1480 3656 1578 3725 ritum,
1594 3671 1644 3713 nec
1657 3658 1821 3730 praestigias,
1837 3672 1887 3715 nec

1092 3750 1182 3808 cades
1195 3758 1336 3807 aversatur
1347 3750 1388 3806 vel
1400 3750 1462 3807 odio
1474 3750 1572 3819 babet;
1585 3750 1632 3807 sod
1645 3752 1740 3823 diligit,
1753 3752 1888 3825 amplecti·

1090 3852 1135 3900 tur
1146 3853 1174 3901 et
1186 3848 1274 3911 amat;
1290 3858 1383 3899 rernm
1395 3856 1506 3916 corpora
1522 3852 1609 3899 minen
1623 3854 1713 3904 nostra
1727 3854 1884 3903 aversatur:

1092 3950 1252 4007 quemquam
1267 3934 1375 3991 malitia·
1388 3935 1502 4007 species,
1515 3936 1596 3993 etiarn
1610 3936 1682 3993 illam
1698 3936 1885 4008 peragentibus

1089 4026 1706 4101 summareprehensionedignaessevideatnr;
1716 4038 1884 4087 atnrortunrn

1088 4121 1280 4193 immobileque
1301 4136 1399 4193 corpus
1422 4136 1472 4178 nec
1492 4122 1578 4193 culpae
1604 4136 1654 4177 nce
1682 4121 1884 4193 reprehensioni

1088 4216 1233 4273 obnoxium
1248 4224 1299 4273 est.
1325 4215 1379 4272 Sed
1392 4216 1442 4271 boe
1460 4223 1502 4271 est
1515 4214 1626 4271 deornm
1642 4225 1790 4272 vestrorum
1805 4215 1884 4272 insti·

1086 4317 1192 4376 tutum,
1208 4318 1237 4365 ut
1248 4307 1452 4375 abominentur,
1468 4322 1527 4379 qum
1540 4322 1593 4363 non
1610 4307 1785 4365 abominanda
1801 4315 1883 4375 stant,

1087 4401 1178 4459 colant
1196 4410 1285 4457 autern
1306 4409 1333 4458 ιι
1353 4400 1502 4473 approbent
1521 4415 1574 4470 ca,
1590 4416 1650 4473 ιιιιιι
1661 4402 1733 4459 oriani
1747 4409 1809 4457 sunt
1821 4400 1884 4457 odio

1088 4503 1115 4551 ιι
1127 4492 1311 4550 exsecratione
1324 4492 1414 4565 digna.
1438 4494 1471 4549 lit
1489 4492 1575 4551 bonus
1589 4495 1695 4566 quidem
1709 4495 1750 4550 vir
1768 4508 1883 4566 neqnea

1086 4600 1153 4643 sano
1165 4586 1288 4653 consilio,
1300 4598 1387 4657 neque
1398 4585 1432 4642 ab
1446 4585 1556 4643 irone'sta
1570 4588 1675 4643 actione
1687 4600 1736 4661 per
1748 4596 1884 4644 niortnum

1086 4693 1183 4751 corpus
1201 4677 1397 4746 deterrebitnr;
1421 4677 1469 4735 scd
1488 4679 1511 4735 si
1532 4679 1622 4736 eninm
1636 4680 1671 4736 sit
1685 4693 1769 4747 sano,
1785 4678 1835 4736 etsi
1849 4678 1884 4736 ad

1085 4771 1143 4844 ipsa
1157 4772 1281 4843 sepulcra
1300 4770 1461 4828 domicilium
1478 4770 1595 4841 habeat,
1611 4780 1638 4830 ιι
1657 4774 1882 4846 temperantiam,

1085 4876 1113 4923 ct
1131 4866 1331 4945 iustitianr,-et¹
1344 4866 1469 4923 uirtutenr
1491 4881 1598 4924 ornnem
1619 4866 1764 4939 exhibebit.
1789 4869 1884 4939 Quiris

1085 4957 1150 5032 item
1159 4957 1264 5025 artilex,
1277 4974 1337 5029 quac
1349 4957 1382 5015 ad
1394 4965 1478 5015 artem
1492 4966 1614 5029 spectant
1624 4972 1710 5027 snam,
1721 4962 1810 5015 omnia
1823 4960 1883 5017 sine

1084 5050 1161 5107 obice
1182 5050 1271 5119 laeiet,
1294 5058 1321 5107 et
1341 5049 1497 5122 rogantibus
1517 5064 1547 5107 se
1567 5049 1716 5121 praebebit,
1733 5065 1785 5107 non
1801 5050 1883 5107 modo

1083 5158 1168 5216 prope
1181 5142 1311 5200 enrhvera
1325 5141 1433 5211 sedens,
1449 5140 1496 5199 sed
1508 5142 1612 5199 etiamsi
1624 5143 1681 5213 ipsa
1694 5141 1881 5210 defunctorum

1084 5236 1205 5308 sepulcre
1215 5243 1372 5294 construere
1385 5250 1453 5308 opus
1464 5234 1555 5304 luerit,
1566 5245 1594 5293 et
1603 5236 1699 5307 pictor,
1715 5236 1880 5307 etlatomus,

1084 5338 1112 5386 et
1128 5328 1220 5401 taber,
1236 5338 1263 5386 et
1281 5329 1392 5386 aerarius
1409 5329 1528 5400 sculptor
1539 5370 1547 5397 ,
1560 5328 1677 5400 denique
1695 5344 1791 5386 orrrnes
1804 5344 1881 5386 snnrn

1083 5434 1193 5491 operam
1206 5420 1363 5489 conlernnt;
1378 5436 1447 5477 unus
1460 5429 1549 5478 autern
1565 5421 1685 5478 onmium
1698 5420 1795 5493 Apollo
1808 5436 1823 5477 a
1836 5436 1881 5477 ca·

1083 5512 1225 5571 deseribus
1236 5512 1361 5586 impediri
1374 5528 1404 5570 se
1413 5513 1460 5581 ait,
1472 5516 1614 5587 quominus
1622 5514 1711 5571 luitura
1722 5514 1878 5586 prospiciat.

1084 5606 1165 5679 Atqui
1177 5616 1205 5665 et
1215 5604 1288 5680 apud
1300 5621 1351 5663 nos
1364 5606 1415 5664 riri
1428 5605 1503 5664 luere
1518 5608 1607 5680 magni
1621 5617 1649 5665 ιι
1662 5607 1820 5675 mirabiles,
1834 5607 1880 5678 qni

1083 5708 1146 5757 ante
1159 5700 1233 5758 mille
1245 5708 1273 5759 ιι
1285 5699 1494 5774 quadringentos
1508 5713 1592 5761 annos
1605 5718 1650 5761 res
1664 5701 1767 5760 lutrrras
1781 5701 1873 5774 prndi·

1084 5800 1191 5861 xerunt,
1203 5800 1231 5851 ιι
1243 5793 1418 5851 vaticinantes
1432 5795 1497 5851 nibil
1510 5796 1606 5853 hornrn
1619 5797 1811 5869 requisierunt,
1825 5812 1879 5854 non

1064 5886 1317 5977 conquatietur,
1332 5902 1386 5950 uon
1400 5886 1586 5951 delmctorum
1605 5892 1728 5971 sepulcra
1740 5892 1809 5954 dirui
1819 5892 1873 5971 jue
