4142 6342
253 282 305 339 sat

251 395 325 453 „unq
338 392 418 451 ,ΜΘ
430 390 534 457 ΒΜ,
547 389 675 451 gcclpgiae
686 390 783 461 imago.
799 386 887 457 Quare
900 400 1049 459 generosus
1102 390 1169 457 ¹ctae
1181 398 1207 436 ea
1219 423 1227 445 ‚
1238 380 1293 436 noli
1303 382 1413 454 amplias
1426 399 1539 454 peecare,
1554 400 1587 442 ne
1596 386 1658 453 qaid
1669 388 1715 445 tibi
1725 388 1835 449 deterius
1845 408 1907 450 eoa·

251 491 353 547 uanius
370 504 432 545 aun
447 488 507 558 aaa
533 484 596 541 ouer
622 484 777 555 dignitatem
800 480 970 543 minacissu.
995 496 1050 536 nun
1106 473 1402 547 eripiuqnunamt).
1421 475 1907 569 traturaperseuerantissime

252 598 314 640 cam
328 581 470 654 reprobam
484 586 582 652 putans
600 576 637 632 ob
653 575 770 647 priorem
783 582 897 642 statum,
911 573 959 630 sed
973 587 1051 629 acce-
1106 582 1188 624 causa
1201 576 1342 639 peecatum
1359 576 1434 635 erat;
1449 570 1475 625 id
1489 569 1580 627 diffidi
1593 580 1689 642 clusa,
1705 574 1731 632 id
1751 576 1862 647 ᾱῡῑῡῐῑίι
1878 580 1922 646 id.

249 675 377 748 ptabilem
386 674 421 729 ob
431 672 548 729 diuinam
558 670 810 736 mutationem,eam
819 665 1051 723 sanctisomnibus
1105 660 1265 718 calamitatis
1279 661 1410 720 universae
1419 662 1540 719 mutarim
1553 663 1684 723 Ceteram
1697 667 1762 724 illud
1773 668 1902 740 admiror,

249 776 430 827 corrnumerat
441 785 448 821 ε
461 776 489 822 et
503 774 645 837 postquam
658 763 774 830 dixerat,
786 760 853 817 Fide
870 760 933 816 diat
950 756 1057 829 sacrifia¹
1106 752 1243 825 quomodo
1259 754 1305 825 qui
1318 752 1390 810 bunc
1403 752 1523 813 dolorem
1538 754 1572 811 ab
1586 756 1663 815 initio
1676 758 1779 817 bomini
1794 761 1907 821 dederat

250 864 320 916 crura
340 858 438 924 onznia,
452 852 644 927 arenariam
665 858 717 912 noc
739 863 767 911 ei
791 853 856 910 irrue
881 850 1050 924 taurinen.
1106 834 1178 901 dens
1191 851 1463 917 propnrpeccaum,
1476 848 1783 910 scrutantiaaememiam
1796 856 1903 927 solvat.

250 954 300 1008 tt,
310 949 355 1024 ι),
376 949 431 1006 ilde
440 948 498 1006 Noe
517 943 696 1016 arcauiloeit,
710 946 764 1002 fide
774 947 881 1020 Moyses
894 946 952 1001 bac
964 954 993 1001 et
1004 943 1050 1000 iila
1107 944 1136 993 et
1150 936 1374 995 condemnatione
1383 938 1633 998 condemnationem
1643 944 1741 1015 ejiciat.
1754 944 1904 1021 Quomodo,

250 1044 381 1117 praeclare
405 1050 480 1114 gesta
508 1041 611 1106 edidit;
639 1056 681 1106 acv
698 1040 797 1100 multos
822 1039 920 1096 deinde
942 1047 1050 1094 muretus
1105 1028 1179 1086 andi.
1194 1030 1260 1086 Data
1273 1040 1315 1087 cst
1327 1031 1433 1089 tristitia
1451 1044 1562 1106 propter
1578 1046 1733 1107 peceatum,
1749 1050 1776 1097 ct
1789 1056 1839 1114 per
1853 1044 1905 1099 tri-

247 1147 448 1195 πωπω.
477 1134 714 1207 ωῃᾱθωᾱὶθοῃ,
728 1134 796 1189 pgr,
818 1134 908 1190 pappa
932 1122 1052 1189 merga
1105 1123 1205 1179 stitiam
1219 1125 1905 1203 peecatumsolvitur.Attendediligenter:mulieri

249 1248 302 1286 aaa
314 1230 388 1303 periit
401 1246 459 1285 cam
470 1228 618 1296 incredulis,
630 1229 803 1297 exploratores
815 1225 954 1294 excipiens,
965 1234 989 1280 et
997 1225 1051 1279 alia
1107 1216 1273 1272 comminatis
1293 1216 1384 1286 Deus,
1398 1227 1426 1274 et
1448 1232 1558 1292 propiet
1573 1218 1818 1293 praevaricationem
1840 1244 1907 1302 sup.

247 1327 290 1381 nia
304 1325 432 1379 remittens
446 1321 539 1395 (ldebr.
555 1322 599 1376 ll.
613 1320 670 1394 bl).
686 1319 723 1376 Et
740 1318 801 1374 vide
815 1318 950 1389 quomodo
966 1318 1050 1373 multa
1105 1308 1215 1379 ilicium
1233 1307 1374 1378 inducens.
1389 1311 1476 1367 tit-illi
1488 1310 1541 1368 :1²1
1554 1312 1642 1371 dolore
1654 1316 1813 1389 paneadae
1827 1318 1904 1393 (Gen.

625 276 654 335 s.
669 273 809 333 ioannis
826 241 1066 331 etransosruut
1079 268 1240 328 strennuo.
1256 268 1525 329 causaturum.
1605 235 1608 242 ’

1852 278 1905 335 552

248 1433 311 1474 carm
337 1408 468 1488 sapientia
493 1414 686 1470 immanitatem
712 1421 785 1468 tuam
819 1409 1049 1481 atternperaserit.

247 1508 317 1568 Nam
329 1524 391 1565 cum
404 1524 419 1562 a
431 1523 496 1579 rege
510 1506 585 1562 missi
603 1515 666 1561 sunt
681 1504 726 1575 qui
740 1505 928 1575 exploratores
942 1502 1052 1573 perqui-

248 1611 359 1670 rerent,
370 1601 467 1665 ,dicuni
477 1594 516 1668 ci,
526 1598 558 1655 st
567 1598 678 1677 ingressi
689 1608 748 1653 suat
762 1598 797 1652 ad
809 1605 834 1652 te
845 1598 892 1652 riri
901 1596 969 1668 (das.
982 1595 1010 1649 Ξ.
1021 1597 1049 1651 ὅ.

248 1694 278 1765 d)
288 1695 301 1744 t
311 1692 450 1763 respoudit
461 1693 501 1748 eis
513 1731 521 1758 ,
534 1690 622 1746 Etiam
636 1689 749 1761 ingressi
760 1698 834 1744 sunt.
848 1688 938 1745 Primo
950 1688 1067 1745 verina

248 1772 305 1840 mm
318 1782 443 1850 acdificat,
452 1789 532 1854 atque
544 1782 582 1837 ita
594 1781 765 1838 mendacium
778 1781 887 1837 inducit.
899 1781 1050 1854 Numquam

248 1874 321 1933 eninr
335 1874 503 1931 trtcndacium
518 1873 740 1945 persecreditnr,
756 1873 808 1929 nisi
819 1875 959 1930 ueritatem
976 1873 1052 1944 prins

248 1966 394 2023 ostendere
406 1966 589 2038 occupaverit.
605 1964 727 2038 ideoqui
736 1964 818 2021 modo
832 1963 866 2020 ad
888 1963 1051 2036 persuaden-

248 2058 313 2114 dum
329 2068 392 2130 apto
408 2057 583 2126 metabuntur,
605 2060 693 2130 primo
716 2073 779 2113 uera
798 2057 893 2113 dicunt
911 2064 1049 2129 atquem,

248 2169 310 2224 quac
323 2151 395 2225 apud
406 2167 502 2209 ouantes
520 2152 549 2209 in
562 2152 689 2209 confesso
711 2158 791 2218 sunt;
807 2165 840 2206 ac
851 2150 950 2207 deinde
971 2158 1063 2208 men-¹

248 2245 324 2303 dacia
338 2254 367 2302 ct
379 2245 460 2302 dubia
474 2246 613 2302 inducunt.
630 2244 746 2318 Ingressi
761 2244 871 2302 samad
885 2254 911 2301 te
924 2245 1051 2317 explora·

248 2348 323 2405 tores
336 2337 516 2410 ircspondct,
534 2338 630 2393 daton.
646 2337 676 2393 Si
691 2338 764 2393 euim
782 2338 944 2411 aprincipio
965 2337 1051 2393 dixis-

247 2439 301 2499 set,
312 2430 382 2498 Non,
396 2430 429 2487 ad
443 2430 602 2487 scrutinium
615 2438 791 2502 prouocasset
805 2444 863 2495 eos,
874 2430 919 2500 qui
934 2428 1050 2485 advene-

247 2513 319 2581 rant.
327 2522 392 2591 Sed,
403 2523 438 2579 Et
447 2522 561 2595 ingressi
572 2528 646 2587 suut,
656 2522 753 2593 inquit,
767 2530 796 2578 et
809 2522 912 2593 egressi
926 2530 988 2576 sunt
1000 2520 1051 2577 bac

247 2614 866 2688 uia:persequimini,etcourprebendctiseos.
876 2614 1049 2686 0pulebrum

247 2708 418 2767 ancndacium
432 2709 439 2764 l
455 2724 471 2764 o
485 2709 628 2780 pulchrum
637 2706 741 2776 dolum,
755 2707 844 2764 diuina
864 2724 920 2763 non
934 2708 1051 2779 proden-

247 2790 314 2868 tem,
333 2801 382 2859 sed
408 2801 537 2873 pietatem
558 2799 777 2857 custodientem!
794 2800 823 2856 Si
852 2801 931 2871 igitur
956 2801 1051 2857 Ralrab

246 2898 320 2954 illam
335 2896 491 2968 paenitentia
516 2895 603 2951 salute
620 2894 729 2967 dignam
752 2894 856 2962 effecit,
871 2905 898 2950 ct
923 2896 980 2967 ipsa
1002 2911 1051 2967 per

247 3000 402 3047 sanctornm
417 3004 465 3044 orn
479 2988 658 3059 praedicatur,
671 2988 736 3044 iesu
751 2988 823 3044 Nave
834 2989 861 3043 iu
876 2988 985 3045 deserto
994 2988 1051 3043 cla-

247 3092 350 3151 mante,
370 3082 443 3137 Vicat
460 3078 551 3135 ltalrad
575 3081 711 3146 numenio,
727 3080 812 3135 Paulo
824 3090 914 3136 atatem
930 3080 1048 3149 dicente,

247 3177 317 3233 Fide
330 3175 421 3233 ilairab
436 3175 556 3230 nteretrie
569 3191 621 3229 noa
635 3174 709 3245 periit
730 3191 788 3229 cara
801 3191 853 3230 ιιοιι
868 3175 1049 3231 credentibus:

248 3278 349 3343 quanto
363 3270 450 3343 magis
463 3284 514 3326 nos
526 3269 550 3323 si
567 3267 755 3338 penitentiam
771 3266 959 3346 egbibeamos,
975 3269 1050 3326 saln-

247 3374 304 3420 tem
329 3361 548 3433 consequemur?
564 3359 734 3416 Paenitentia
759 3368 866 3431 tempus
887 3376 959 3418 nnnc
983 3370 1047 3418 ost:

247 3458 344 3529 iugens
356 3457 428 3512 enim
439 3454 520 3511 timor
534 3456 617 3510 instat
635 3454 833 3510 imminentium
856 3465 1026 3525 peecatorum
1040 3499 1048 3524 ,

248 3549 301 3605 nisi
314 3546 473 3619 supplicium
482 3553 625 3617 prmuertat
644 3547 813 3617 poenitentia.
837 3545 1051 3619 Pracccapemaa

249 3641 341 3712 [aciem
353 3640 409 3711 ejas
421 3639 449 3693 in
459 3637 617 3710 cornicaricne
630 3636 715 3711 (Paci.
726 3638 772 3694 at.
785 3636 814 3709 2)
826 3657 834 3692 e
849 3639 1050 3711 exstinguamus

248 3739 424 3805 peccatorum
445 3746 558 3802 rugum,
582 3746 637 3785 non
663 3731 755 3786 multis
782 3731 869 3804 aquis,
883 3732 931 3789 sed
958 3735 1050 3806 parvis

248 3825 385 3899 lacrymis.
396 3823 495 3879 llultus
506 3830 549 3877 cst
563 3823 633 3893 iguis
645 3823 759 3893 pcccati,
781 3834 910 3881 ettamen
936 3826 1050 3882 modicis

248 3918 375 3991 lacrymis
385 3916 562 3987 exstinguitur
577 3933 584 3970 ι
598 3931 661 3971 nam
676 3916 803 3990 lacrymae
815 3920 990 3991 exstinguunt
1001 3937 1048 3977 ro-

248 4025 313 4081 gum
340 4016 565 4080 peccatorum,ct
594 4009 697 4079 pcccati
720 4008 845 4066 loetorcm
868 4011 992 4069 abluunt.
1020 4013 1048 4071 ld

248 4102 408 4161 testificatur
435 4102 531 4159 beatus
557 4100 642 4157 liatid
664 4100 778 4171 dicens,
792 4112 820 4159 et
833 4115 932 4175 quauta
949 4108 984 4162 sit
1008 4108 1049 4163 ais

248 4200 429 4270 lacrymarum
441 4196 608 4253 ostendens:
622 4194 744 4267 mnata,
765 4198 866 4269 inquit,
878 4201 1049 4273 persingulas

248 4291 438 4351 aoeteatectam
451 4305 545 4357 meum,
560 4298 585 4344 et
608 4288 729 4361 laerynds
750 4292 811 4347 meis
834 4303 942 4348 stratam
964 4311 1048 4351 meam

248 4386 338 4459 rigabo
352 4383 438 4456 (Paci.
450 4382 479 4441 6.
491 4382 535 4455 7).
546 4382 629 4451 atqu
651 4383 675 4438 si
696 4383 875 4458 laerymarum
897 4387 1047 4445 ubertatem

248 4479 381 4535 voluisset
392 4476 547 4546 occidere,
561 4479 627 4535 satis
639 4488 697 4535 crat
706 4480 822 4546 dixisse,
839 4480 973 4556 hacrymis
986 4486 1048 4540 mar

249 4581 357 4629 atratum
369 4587 453 4627 mmm
470 4571 559 4643 rigabo
573 4587 583 4626 .·
595 4585 644 4627 eur
658 4586 723 4644 ergo
743 4575 873 4644 praemisit
894 4576 977 4643 illud,
993 4577 1048 4633 La·

201 4685 205 4693 ’
247 4666 334 4722 aeia?
348 4664 382 4723 tlt
393 4665 518 4723 ostendat
528 4666 666 4723 lavacrum
678 4675 706 4723 et
720 4668 854 4740 piaculum
873 4681 1046 4743 pcccatorum

246 4760 465 4832 asselacaymas.

283 4851 312 4908 6.
336 4849 447 4905 Peccata
470 4852 583 4907 ananiam
603 4869 681 4909 caasa
706 4854 901 4913 maioraru..-
923 4858 1048 4919 Omnium

246 4957 329 5001 eausa
339 4945 470 5001 malorum
478 4954 541 5001 sunt
554 4958 679 5016 peccatam
689 4958 916 5022 pmpterpeccata
927 4954 1045 5025 dolores,

247 5044 360 5109 propter
383 5046 493 5109 peccata
517 5038 664 5107 turnultus,
692 5048 802 5112 propter
826 5057 939 5116 peccata,
958 5047 1046 5115 bella,

247 5129 396 5197 morbi,et
417 5138 547 5202 quotquot
567 5129 646 5187 nobis
670 5133 795 5190 accidunt
815 5148 910 5194 sanatn
924 5137 1065 5197 dilticiles·

247 5222 430 5294 agrimdiues.
444 5222 675 5290 Quemadmodum
687 5226 769 5298 igitur
779 5230 873 5301 optimi
884 5234 980 5289 medici
993 5249 1063 5291 non*

247 5309 333 5373 modo
344 5324 506 5389 apparentes
516 5317 625 5375 morbos
639 5320 790 5392 explorant,
800 5323 849 5380 sed
859 5324 940 5383 etiam
953 5342 1047 5385 eorum

248 5420 359 5465 musam
373 5406 599 5467 mansuariis
616 5417 646 5467 et
656 5411 784 5470 Serrator
796 5415 940 5473 ostendere
955 5420 1049 5478 volcas

250 5500 372 5557 omnium
385 5516 446 5573 quae
458 5500 612 5561 bominibus
623 5505 782 5577 courtmgunt
793 5507 925 5565 malorum
939 5526 1048 5569 causam

236 5608 312 5651 ‚esse
325 5602 463 5665 pacatum
475 5636 484 5662 ‚
498 5595 645 5670 paralytico
658 5596 744 5665 dicit,
759 5598 821 5670 quia
834 5614 931 5672 nempe
941 5604 1050 5662 uidebat

251 5686 298 5743 iile
308 5688 458 5743 animarum
471 5689 592 5746 medicus
600 5705 663 5746 eum
674 5691 764 5748 anima
776 5692 861 5763 prius,
874 5694 971 5754 deiude
985 5713 1048 5757 cor-

251 5796 319 5862 pore
342 5782 534 5854 paralyticum,
547 5785 603 5854 ait,
617 5785 743 5863 inquam,
760 5786 798 5846 illi
815 5807 823 5846 ι
841 5789 906 5849 lieee
917 5810 993 5851 sanas
1008 5795 1049 5867 ia-

1104 1400 1133 1457 5.
1149 1400 1202 1473 16)
1220 1401 1411 1475 :ostenditque
1431 1403 1546 1461 fructum
1565 1408 1667 1477 peceati
1688 1422 1748 1465 esse
1770 1411 1905 1469 dolorem.

1104 1493 1178 1563 Sed,
1194 1510 1212 1549 o
1234 1496 1404 1566 tnaguilleum
1416 1498 1424 1553 l
1437 1496 1509 1569 quod
1529 1497 1604 1555 dedit
1624 1500 1660 1556 ad
1684 1502 1862 1575 supplicium,
1877 1506 1906 1562 iu

1104 1584 1219 1641 saluam
1238 1588 1360 1643 mutavit.
1374 1587 1516 1645 Peccatum
1531 1588 1653 1648 dolorem
1667 1596 1772 1665 peperit
1786 1613 1795 1652 ι
1809 1595 1905 1655 dolore

1104 1686 1243 1748 peccatum
1265 1679 1431 1753 consumpsit
1452 1696 1460 1734 ι
1483 1688 1511 1737 et
1524 1682 1748 1753 quemadmodum
1766 1690 1906 1748 uermiae

1104 1768 1176 1840 ligno
1197 1776 1276 1825 natus
1296 1772 1383 1841 ipsum
1396 1770 1497 1843 lignum
1517 1777 1668 1846 conrsnmit,
1681 1778 1722 1836 sic
1742 1786 1770 1837 et
1790 1782 1867 1839 dolor
1888 1797 1906 1841 e

1103 1870 1215 1932 peceato
1238 1870 1318 1917 natus
1336 1873 1475 1934 peccatum
1500 1868 1634 1924 consumit
1650 1885 1698 1941 per
1720 1874 1904 1943 paenitentiam

1104 1952 1242 2021 inductus.
1263 1954 1432 2028 anpmptcr
1454 1956 1553 2015 Paulus
1576 1959 1664 2019 dixit:
1679 1962 1744 2033 Qua
1766 1967 1905 2024 meandum

1103 2044 1188 2100 Deum
1199 2056 1236 2101 est
1256 2047 1357 2103 tristitia
1371 2049 1542 2121 paenitentiam
1555 2053 1582 2107 in
1593 2055 1700 2111 adiutem
1712 2056 1827 2115 stabilem
1840 2077 1905 2133 cpe-

1103 2148 1175 2193 rntnr
1190 2137 1229 2212 (l.
1241 2136 1301 2194 Cor.
1315 2140 1342 2195 t.
1359 2140 1415 2213 to).
1429 2141 1503 2198 Boura
1518 2154 1560 2200 est
1573 2146 1680 2203 tristitia
1692 2164 1757 2207 uere
1771 2152 1906 2223 pmrniteu·

1103 2231 1174 2289 tibus
1187 2252 1194 2289 ι
1205 2234 1331 2290 conuenit
1339 2235 1513 2307 peccantibus
1525 2237 1613 2295 luctus
1625 2255 1674 2312 pro
1689 2252 1816 2314 peccato:
1830 2244 1906 2303 Reate·

1103 2326 1147 2397 qai
1160 2326 1266 2400 lugeat,
1279 2330 1399 2400 qnoniam
1414 2330 1465 2401 ipsi
1483 2333 1680 2391 cumulabantur
1693 2336 1802 2412 (Martie.
1818 2342 1845 2397 5.
1862 2344 1902 2415 5).

1103 2418 1177 2489 Lnga
1190 2429 1329 2489 peccatum
1341 2463 1349 2487 ,
1363 2430 1392 2475 ιιι
1406 2436 1459 2477 non
1473 2422 1565 2494 lugeas
1581 2428 1741 2497 supplicium
1753 2448 1761 2485 ι
1773 2446 1856 2503 purga
1877 2445 1904 2492 te

1102 2512 1174 2584 apud
1186 2514 1313 2586 iudicem,
1327 2527 1473 2589 antequam
1484 2518 1519 2573 ad
1529 2519 1647 2577 tribunal
1658 2526 1759 2579 uenias.
1770 2526 1812 2583 bn
1824 2528 1904 2600 iguo-

1103 2620 1148 2661 ras
1168 2616 1298 2678 quotquot
1314 2606 1431 2679 judicem
1457 2610 1580 2683 mitigare
1600 2616 1711 2684 solnta,
1726 2631 1780 2673 nou
1795 2618 1822 2674 in
1844 2620 1904 2691 ipso

1103 2697 1227 2753 examine
1238 2712 1335 2766 causac,
1347 2704 1394 2756 sed
1412 2710 1555 2773 antequam
1568 2703 1595 2759 in
1606 2705 1735 2776 judicium
1751 2710 1904 2781 ingrediun-

1104 2800 1147 2845 tur
1159 2831 1167 2858 ,
1181 2790 1267 2861 ipsum
1284 2791 1335 2847 sibi
1348 2792 1507 2851 lreaouolum
1523 2810 1635 2867 parare,
1645 2797 1702 2857 sire
1721 2816 1769 2871 per
1780 2805 1902 2875 amicos,

1103 2880 1160 2936 sine
1183 2895 1231 2951 per
1248 2890 1395 2952 patronos,
1409 2883 1466 2941 sire
1477 2884 1530 2941 alio
1551 2888 1646 2957 quovis
1664 2892 1767 2948 modol
1781 2892 1861 2965 lgitur
1874 2906 1904 2953 et

1103 2971 1173 3043 apud
1189 2972 1274 3029 Deum
1290 2973 1383 3045 judicii
1399 2986 1535 3048 tempore,
1549 2994 1603 3035 non
1627 2990 1670 3037 est
1693 2983 1763 3053 quod
1783 2984 1899 3055 judicem

1103 3064 1194 3120 lectas
1208 3064 1273 3121 :sed
1283 3077 1345 3123 ante
1353 3067 1445 3138 judicii
1461 3077 1566 3141 tempus
1578 3081 1668 3144 potest
1679 3075 1760 3145 judex
1774 3079 1900 3150 mitigari.

1102 3155 1284 3225 Quamobrem
1298 3157 1405 3215 dicebat
1417 3160 1511 3229 Dauid,
1523 3160 1734 3237 Praeceapemaa
1743 3167 1833 3239 {aciem
1846 3171 1903 3245 qua

1102 3248 1129 3302 in
1152 3248 1310 3319 confessione
1333 3248 1418 3323 (Psoi.
1442 3250 1487 3307 at.
1503 3253 1543 3323 ἲ).
1565 3252 1624 3309 lllic
1643 3272 1767 3328 maguum
1784 3258 1902 3328 judicem

1103 3353 1156 3395 non
1169 3340 1347 3395 circumvenit
1368 3356 1412 3396 ars
1427 3342 1582 3410 rhetorum,
1596 3359 1651 3401 non
1665 3348 1901 3419 poenituissem

1102 3430 1224 3501 dignitati
1248 3446 1300 3487 non
1323 3432 1368 3489 ille
1381 3448 1484 3490 morem
1496 3434 1575 3507 gerit,
1592 3451 1734 3507 personam
1757 3454 1812 3495 uon
1824 3456 1903 3499 vere-

1103 3529 1155 3587 tur,
1170 3522 1290 3591 pecuniis
1300 3537 1353 3579 non
1363 3525 1553 3597 conrumpitur,
1567 3526 1615 3583 sed
1629 3531 1796 3588 tremcndum
1808 3540 1837 3589 et
1849 3532 1901 3589 im·

1104 3612 1234 3683 placabile
1248 3622 1290 3669 cst
1300 3612 1402 3683 justum
1415 3615 1557 3685 judicium.
1579 3626 1586 3645 ¹

1141 3701 1310 3775 Eieenmayna
1330 3703 1414 3759 liram
1429 3704 1523 3778 placat.
1544 3708 1647 3766 -llic
1671 3710 1761 3783 itaque
1781 3712 1899 3784 iudicem

1102 3794 1434 3867 exoremusetplacemus,
1444 3798 1585 3857 buicomni
1595 3802 1897 3877 mboresnpplicenma:

1102 3902 1156 3942 nou
1168 3886 1304 3957 pecuniis;
1316 3889 1371 3946 imo
1386 3900 1415 3945 ut
1426 3892 1515 3948 uarius
1526 3893 1659 3964 dicamus,
1673 3898 1794 3968 pecuina
1809 3890 1899 3970 placa·

1101 3986 1146 4033 tur
1159 3978 1291 4049 benignus
1304 3979 1359 4047 ille,
1374 3995 1429 4037 non
1444 3982 1501 4054 ipse
1514 3984 1656 4055 recipiens,
1672 3987 1719 4045 sed
1734 4004 1784 4060 per
1797 4004 1901 4061 paupe-

1101 4082 1154 4126 res.
1168 4070 1205 4125 Da
1218 4071 1291 4142 inopi
1304 4073 1453 4143 pecuniam,
1468 4084 1495 4131 et
1504 4074 1623 4146 judicem
1634 4078 1756 4150 placasti.
1771 4080 1836 4139 llaec
1848 4098 1900 4139 au·

1101 4170 1157 4217 tem
1178 4161 1239 4219 dico
1260 4162 1339 4220 uobis
1361 4166 1438 4236 qnasi
1458 4166 1651 4239 familiaribus3
1665 4172 1729 4243 quia
1743 4175 1900 4245 paenitentia

1101 4254 1161 4310 sine
1171 4254 1342 4329 eleemosyna
1352 4267 1457 4314 mortua
1467 4269 1509 4315 est
1520 4261 1622 4333 alisque
1631 4272 1706 4320 caret
1717 4280 1724 4321 :
1737 4266 1829 4338 nequit
1843 4284 1901 4339 pte·

1102 4345 1214 4403 nitentia
1241 4349 1349 4417 volare,
1375 4350 1433 4407 sine
1454 4350 1497 4406 ala
1517 4352 1706 4427 eleemosynae.
1733 4356 1795 4413 ldeo
1816 4360 1901 4429 pmbe

1101 4430 1242 4509 paenitenti
1255 4438 1381 4496 Cornelio
1397 4442 1440 4498 ala
1457 4442 1491 4500 ad
1504 4446 1630 4516 pietatem
1641 4447 1695 4503 l'nit
1706 4448 1876 4523 eleemosyna
1889 4470 1898 4507 ι

1101 4527 1278 4602 Eleemosynae
1295 4540 1362 4599 aaa,
1375 4532 1510 4604 inquit,et
1532 4537 1658 4593 orationes
1683 4548 1734 4593 aaa
1753 4539 1782 4594 in
1807 4541 1900 4596 ceiam

1100 4622 1270 4677 ascenderant
1282 4620 1351 4696 (det.
1368 4623 1413 4681 to.
1426 4624 1454 4698 t)
1470 4627 1528 4685 :ita
1542 4638 1572 4684 ut
1583 4628 1607 4688 si
1618 4644 1672 4686 non
1682 4630 1817 4689 habuisset
1826 4633 1897 4689 alam

1100 4714 1278 4786 eleemosyna
1292 4716 1457 4787 poenitentia,
1472 4734 1638 4793 nequaqnam
1654 4722 1681 4778 in
1695 4723 1790 4779 caelum
1804 4740 1907 4805 perae·

1100 4808 1193 4864 nisset.
1209 4808 1337 4880 Aperitur
1356 4826 1421 4883 ergo
1440 4811 1521 4870 bodie
1542 4814 1691 4887 emporium
1705 4816 1896 4890 eleemosynae.

1101 4898 1229 4957 Videmus
1242 4902 1313 4957 euim
1326 4904 1445 4973 captiuos
1457 4914 1484 4961 et
1497 4920 1645 4977 pauperes,
1659 4907 1782 4965 uidemus
1796 4909 1824 4971 in
1839 4909 1899 4968 loro

1101 4990 1308 5060 circumeuntes,
1321 4992 1443 5051 uidemus
1453 4994 1618 5062 clatrrantes,
1633 4998 1813 5071 lacrymantes
1826 5042 1834 5067 ,
1847 5016 1899 5075 ge·

1102 5093 1207 5139 mentes
1233 5102 1241 5139 τ
1267 5085 1394 5142 nundinae
1421 5088 1500 5145 nobis
1528 5090 1664 5147 mirabiles
1689 5106 1897 5165 proponuntur:

1102 5175 1281 5232 nundinarum
1294 5192 1359 5232 vero
1374 5192 1427 5233 non
1450 5179 1501 5233 alia
1523 5180 1661 5249 amicast,
1675 5185 1834 5255 negotiatori
1846 5204 1899 5243 unu

1101 5265 1169 5321 alius
1190 5262 1416 5339 animus‚'qnam
1438 5270 1543 5327 uenalia
1568 5286 1651 5343 parvo
1679 5290 1787 5344 eraerc,
1802 5291 1899 5349 magno

1101 5357 1227 5415 vendere.
1250 5362 1346 5417 Annon
1366 5361 1411 5418 bic
1431 5371 1475 5419 est
1502 5364 1683 5435 quorumlibet
1702 5369 1898 5439 negotiatorum

1101 5452 1293 5520 scopustnurn
1311 5462 1422 5525 propter
1439 5454 1512 5512 aliud
1534 5456 1667 5528 quispiam
1690 5460 1898 5531 negotiationem

1102 5540 1167 5607 adit,
1180 5542 1230 5599 nisi
1246 5553 1274 5599 ut
1286 5560 1346 5617 quae
1360 5561 1442 5617 paruo
1456 5549 1521 5604 emit
1533 5564 1629 5621 magno
1639 5548 1794 5620 vendat,*et
1806 5554 1897 5609 multi·

1103 5633 1226 5705 plicatam
1249 5638 1456 5709 negotiationem
1479 5640 1598 5697 reserat?
1612 5640 1690 5699 Tales
1713 5643 1792 5715 igitur
1820 5644 1899 5701 nobis

1103 5726 1235 5783 nundinas
1256 5728 1327 5785 Deus
1347 5729 1488 5802 proposuit
1501 5750 1508 5787 :
1523 5730 1629 5789 modico
1640 5734 1757 5803 iustitias
1778 5750 1855 5801 eme.
1869 5744 1898 5793 ut

1103 5821 1189 5885 nrulto
1203 5822 1303 5881 tendas
1315 5820 1344 5882 in
1356 5822 1458 5895 luturm
1472 5825 1496 5883 ai
1509 5833 1596 5889 tantm
1611 5827 1792 5897 uenditionem
1805 5828 1882 5906 appel
