4142 6342
187 250 241 306 ιιι
305 207 309 218 ’
631 241 702 304 cun
720 244 993 306 stremmuser
1012 249 1242 324 tueeemnus,
1263 254 1339 314 etc.
1770 275 1823 334 ιιι

187 365 232 420 rel
246 379 261 418 a
276 361 413 418 uoluntate
437 357 560 416 efficitur.
582 359 672 415 Palam
693 371 734 417 est
754 377 770 416 a
787 371 881 417 natura
897 362 979 418 efnei.
1034 364 1126 422 ficisci.
1139 367 1167 424 Si
1181 370 1253 426 enim
1267 369 1396 428 deformis
1410 373 1498 429 anima
1517 374 1571 432 Deo
1585 377 1822 452 obtemperaverit,

185 457 253 513 Nam
263 453 392 511 deformis
400 454 504 509 etiamst
516 452 662 508 innumeris
670 463 759 509 utatur
768 454 896 520 artificiis,
909 455 980 526 quod
1031 455 1230 528 deformitatem
1241 463 1325 531 ponit,
1334 472 1361 518 et
1376 464 1623 525 formosacfftcitur.
1635 469 1722 534 Saule.
1733 473 1823 542 Saule,

185 547 219 603 ad
233 562 332 618 corpus
344 545 453 608 attinet,
469 542 584 598 formosa
601 543 671 598 effici
684 544 794 615 nequit:
808 545 906 600 etenim
920 561 980 616 quer
1031 549 1095 620 qnid
1106 565 1145 603 nte
1158 554 1338 622 persequeris?
1363 553 1414 610 llle
1426 572 1504 623 uero,
1524 557 1558 614 Et
1570 561 1627 632 qnia
1638 579 1682 627 er,
1696 563 1827 624 berinae?

186 651 249 696 sunt
260 658 276 696 a
289 650 400 704 natura,
417 639 525 692 itnmota
537 646 655 704 nuncet,
667 637 776 692 definita
790 639 919 705 terminis,
927 639 978 714 ¹qui
1032 641 1089 714 Epo
1103 659 1167 702 ,tunt
1188 645 1263 701 feror
1276 646 1345 726 (Act.
1360 647 1386 704 tt.
1403 649 1430 706 4.
1455 651 1496 722 5).
1519 651 1553 706 Et
1567 652 1703 720 obedivit,
1718 668 1744 712 et
1758 660 1824 716 obe·

186 732 318 805 praeteriri
338 739 482 800 nequeunt.
505 727 570 797 Qne
582 727 661 799 igitur
674 728 784 799 pulchra
797 737 839 785 est
850 737 980 800 ,semper
1031 735 1132 792 dientia
1144 735 1291 794 deformem
1304 741 1420 798 animam
1435 741 1580 800 formosam
1594 745 1691 804 effecit,
1706 748 1823 804 [tm-,qum

186 821 362 895 estpnlcbra,
377 820 428 876 etsi
441 819 514 874 ottilo
526 829 616 874 utatur
628 820 741 875 artificio
752 838 760 886 ;
773 821 902 876 deformis
913 837 979 878 rere

185 931 215 971 sc
231 915 375 968 formosam
390 913 478 967 facere
493 911 603 982 nequit,
625 927 675 966 nec
690 911 806 967 formosa
819 913 978 968 deformem.

185 1005 296 1074 Qttarel
308 1003 374 1070 Quia
390 1011 492 1056 natttrte
505 1012 567 1056 sunt
579 1001 647 1056 inec.
661 1001 792 1058 Vidistine
807 1018 871 1074 erqo
883 1018 979 1072 corpo·

184 1112 259 1152 ream
273 1093 517 1166 pnlcltritutlinemf
535 1094 634 1147 Ennius
650 1093 722 1147 intus
734 1093 767 1148 ad
780 1095 897 1149 animam
910 1113 917 1149 ι
931 1111 979 1151 an·

185 1187 244 1242 cilia
266 1185 401 1241 dominam
425 1184 512 1239 adeat.
540 1184 581 1237 ad
606 1184 722 1238 animam
743 1183 881 1240 ducamus.
912 1185 979 1242 Vide

186 1277 408 1352 pulchritudinem
424 1276 517 1342 illam,
541 1271 599 1330 ftno‘
615 1277 704 1346 potius
724 1277 800 1342 audi;
826 1293 880 1332 nott
902 1286 979 1348 potes

185 1375 257 1429 euim
270 1373 342 1427 illam
357 1371 447 1436 ridere
461 1387 468 1424 ε
484 1369 624 1435 itinisibilis
637 1371 735 1440 qnippe
746 1378 797 1426 est.
824 1370 892 1426 todi
905 1371 978 1426 illatn

185 1462 410 1536 pulchritudinem
443 1459 510 1530 Quid
529 1459 609 1532 igitur
621 1469 663 1515 est
675 1460 772 1516 animas
786 1461 980 1531 pulchritudo?

184 1553 381 1624 Temperantia,
397 1552 541 1615 tundestia‚
554 1553 735 1625 eleemosyna,
746 1553 854 1622 caritas,
867 1553 978 1610 fratrum

186 1660 282 1712 artior,
308 1645 471 1715 benignitas,
497 1643 670 1714 obsequentia
692 1645 745 1698 beo
757 1646 891 1716 prestita,
911 1645 978 1717 legis

186 1735 469 1806 ciscestrensem
495 1736 621 1793 contritio
632 1736 724 1792 animi.
741 1737 978 1810 decanimepnl·

185 1828 318 1886 ebritudo.
336 1827 398 1883 ttae
409 1829 497 1899 itaque
510 1836 611 1884 naturae
624 1843 678 1884 non
692 1836 763 1896 sunt,
776 1829 825 1885 scd
838 1830 976 1901 propositi.

185 1920 224 1977 Ea
237 1923 282 1992 qui
297 1935 349 1976 non
366 1920 446 1975 fntbct
457 1961 465 1987 ,
478 1919 589 1990 adipisci
607 1929 696 1990 potest
706 1937 713 1974 ι
725 1921 770 1992 qui
786 1921 883 1987 babet,
898 1922 922 1976 si
934 1937 980 1978 str-

186 2015 250 2087 piue
262 2030 292 2070 se
303 2023 392 2085 gerat,
414 2015 503 2086 utique
516 2013 613 2084 perdit.
633 2013 668 2070 Ut
681 2014 753 2069 enim
765 2013 799 2068 de
811 2028 925 2084 certiore
939 2012 979 2068 di·

185 2111 300 2174 cebam,
317 2107 465 2175 deformem
478 2123 532 2162 nort
551 2123 630 2178 posse
645 2107 790 2163 formosam
808 2107 866 2163 ficri
878 2125 885 2160 ε
899 2107 938 2164 sic
951 2116 980 2163 ct

186 2199 499 2258 deanimacontrarium
513 2200 592 2266 dice,
615 2198 763 2255 deformem
785 2198 901 2254 animam
924 2198 980 2254 for-

185 2309 288 2350 mosam
299 2294 357 2350 fteri
366 2308 454 2365 posse.
471 2292 538 2360 Quid
550 2292 621 2349 euim
635 2292 808 2347 animaPanli
821 2291 977 2358 deformius,

185 2386 292 2453 quando
304 2385 477 2455 blasphemus
489 2396 516 2442 et
528 2384 740 2441 contumeliosus
751 2385 827 2440 erati
840 2385 902 2456 quid
915 2400 979 2443 tero

185 2477 330 2534 formosius
344 2478 398 2548 illa,
410 2492 472 2558 eom
485 2477 587 2534 diceret
601 2495 608 2533 :
622 2476 722 2532 Bonum
736 2486 861 2531 catenen
872 2477 977 2544 comni,

186 2569 478 2636 carsnmc'onsumnteoi,
490 2569 568 2641 fidem
577 2568 674 2624 uereri
684 2568 722 2640 (2.
733 2567 799 2622 Tim.
812 2569 840 2624 4.
854 2566 901 2640 7)f
911 2567 979 2636 Quid

187 2660 334 2717 deformius
350 2661 438 2717 areima
457 2661 586 2718 latronis?
608 2661 672 2732 quid
686 2669 780 2716 eontra
791 2659 934 2716 formosius
947 2675 978 2716 ea

187 2753 374 2821 eumaudivit,
386 2753 466 2810 Areten
477 2794 485 2820 ,
496 2753 552 2808 dico
564 2753 620 2820 tibi,
634 2753 816 2808 ltodt'emcctnn
829 2752 879 2805 cris
891 2753 918 2806 in
932 2769 979 2823 pe-

187 2847 274 2902 rediae
294 2845 381 2919 (Luc.
400 2847 446 2904 ts.
467 2847 538 2919 ddi?
562 2847 630 2916 Quid
653 2845 800 2901 deformius
825 2846 977 2917 publicano,

187 2938 293 3010 qttande
305 2938 443 3008 rapiebatf
471 2938 534 3010 quid
548 2953 614 2992 rere
630 2936 773 2992 formosius
784 2937 850 3002 illo,
871 2934 980 3006 quando

186 3030 321 3103 propriam
333 3028 416 3085 edidit
424 3029 584 3085 sententiam
595 3028 607 3084 f
619 3027 701 3084 Vides
714 3037 740 3084 te
754 3026 866 3082 formam
881 3041 979 3098 corpo·

186 3125 226 3180 ris
237 3135 291 3178 non
310 3135 392 3194 posse
415 3129 520 3176 mutare
536 3138 543 3174 :
560 3135 614 3175 non
637 3119 709 3176 enim
730 3117 758 3174 id
770 3119 914 3174 voluntatis
926 3126 978 3185 est,

187 3214 236 3272 sed
255 3223 367 3270 natura.
389 3212 494 3270 bairum
509 3227 572 3270 vero
593 3211 675 3290 decor
689 3229 723 3266 ex
746 3212 883 3281 proposito
901 3209 979 3264 nobis

188 3315 366 3376 eomparatur.
381 3307 529 3378 decepistis
543 3305 722 3362 definitiones
735 3303 807 3372 Quas
820 3303 904 3358 serof
918 3302 979 3357 Pul-

188 3397 365 3455 obritodioem
383 3399 525 3454 animarer
543 3399 715 3470 obsequentia
735 3409 799 3468 erga
819 3394 901 3449 Deum
917 3408 979 3464 pro·

1030 826 1175 896 publicano
1193 827 1282 884 dicit:
1305 829 1383 916 Veni,
1402 849 1505 905 sequere
1524 852 1564 890 nte
1587 836 1693 908 (flectit.
1708 839 1753 898 te.
1767 839 1824 911 tt).

1031 916 1065 970 Et
1080 917 1197 974 surrexit
1210 917 1383 989 publicanus,
1406 923 1542 994 factusque
1556 935 1597 981 est
1611 929 1747 998 apestolus
1759 948 1766 986 ι
1780 931 1826 987 de-

1030 1005 1124 1063 formis
1134 1011 1221 1064 anima
1234 1009 1351 1066 formosa
1361 1011 1455 1068 effecta
1470 1025 1521 1070 est.
1537 1005 1700 1074 Undenam?
1714 1022 1752 1076 Ex
1765 1023 1825 1078 obe·

1031 1097 1141 1154 dientia.
1164 1100 1281 1157 Rursum
1301 1103 1476 1172 piscatoribus
1487 1105 1572 1163 dicit:
1595 1108 1680 1166 Venite
1698 1121 1754 1182 post
1772 1129 1822 1180 tttc,

1030 1191 1160 1262 etfaciam
1174 1207 1217 1245 not
1230 1192 1288 1260 ficri
1307 1193 1443 1263 piscatores
1458 1191 1588 1252 bominum
1609 1199 1823 1276 (flauente),

1031 1295 1117 1352 exque
1138 1282 1288 1340 obedientia
1311 1285 1428 1356 ipsorum
1454 1302 1529 1342 mens
1552 1287 1668 1345 formosa
1689 1291 1757 1348 facta
1770 1302 1821 1348 est.

1031 1371 1080 1429 ilie
1093 1374 1229 1432 videamus
1244 1392 1322 1448 quam
1338 1377 1407 1442 dicat
1419 1377 1657 1450 pulchritudinem.
1668 1381 1745 1449 Audi,
1758 1385 1823 1454 filie,

1030 1475 1055 1519 cf
1069 1465 1143 1534 uide,
1158 1478 1181 1521 et
1194 1469 1338 1524 obliviscere
1348 1471 1471 1540 populum
1483 1482 1569 1540 tnutn,
1585 1471 1609 1526 cl
1626 1471 1728 1527 sternunt
1746 1473 1826 1546 petris

1031 1557 1087 1623 fni,
1111 1569 1134 1612 et
1147 1561 1303 1628 concupiscet
1317 1577 1363 1614 ree
1375 1559 1489 1618 decerem
1501 1572 1580 1616 tuane.
1603 1561 1687 1630 Quem
1701 1563 1824 1620 decorem

1031 1649 1220 1720 etincupiseet'l
1240 1643 1336 1723 Utique
1355 1658 1460 1710 attime.
1478 1653 1636 1710 Undenam‘l
1659 1645 1724 1725 'Quia
1744 1657 1825 1712 oblita

1030 1747 1082 1796 est.
1099 1739 1182 1805 Dicit,
1203 1739 1271 1796 dudi
1284 1742 1382 1812 igitur,
1399 1755 1423 1798 et
1434 1743 1586 1801 oblfoiscere.
1606 1745 1668 1802 line
1682 1747 1825 1804 voluntatis

1031 1841 1103 1888 sunt.
1117 1832 1194 1899 dudi,
1208 1835 1254 1890 ait.
1268 1835 1398 1892 beletrtnis
1408 1837 1490 1903 audit,
1502 1845 1529 1892 et
1541 1838 1694 1894 deformitas
1704 1839 1825 1910 eorporis

1031 1937 1086 1979 non
1100 1925 1221 1980 solvitur.
1239 1925 1286 1982 bic
1301 1927 1440 2002 peccatrici
1453 1928 1560 1994 animae,
1575 1929 1642 1984 Audi
1659 1950 1665 1986 :
1681 1939 1709 1986 et
1723 1931 1744 1987 si
1757 1930 1824 1986 obe·

1030 2014 1104 2083 diat,
1122 2016 1181 2072 ride
1193 2017 1264 2090 quali
1277 2017 1374 2074 decore
1387 2028 1507 2073 ornetur.
1522 2019 1588 2087 Quia
1601 2019 1680 2090 igitur
1695 2019 1824 2076 deformi·

1031 2113 1073 2162 tas
1092 2121 1198 2177 spensce
1216 2121 1270 2162 non
1289 2116 1348 2163 erat
1367 2108 1515 2176 naturalis,
1542 2109 1589 2164 sed
1603 2109 1826 2185 voluntaria(non

1024 2187 1103 2252 'enim
1122 2191 1243 2254 audierat
1258 2196 1361 2268 Deum,
1375 2197 1423 2254 sed
1443 2201 1613 2272 prevaricata
1625 2199 1744 2275 fuerat),
1766 2202 1827 2260 ideo

1031 2285 1083 2342 alia
1098 2287 1170 2344 illam
1191 2288 1321 2345 medicina
1344 2289 1427 2346 ducit.
1453 2290 1585 2347 Deformis
1604 2291 1684 2363 igitur
1699 2293 1766 2348 facta
1785 2309 1825 2361 es,

1032 2394 1086 2435 non
1107 2395 1141 2438 ex
1159 2389 1270 2448 natura,
1291 2381 1339 2438 sed
1357 2397 1391 2436 ex
1409 2383 1545 2438 voluntate
1559 2401 1567 2437 ε
1583 2391 1609 2438 et
1628 2399 1661 2440 er
1675 2384 1827 2441 obedientia

1033 2471 1149 2528 formosa
1160 2471 1228 2527 facta
1239 2490 1278 2528 es.
1287 2471 1364 2537 dedi,
1377 2474 1442 2543 filie,
1452 2471 1548 2541 ctoicfe,
1557 2484 1580 2529 ct
1591 2475 1827 2546 obliuiscerepopu·

1024 2559 1086 2617 ¹lunt
1101 2571 1186 2630 tunm,
1203 2571 1227 2618 ct
1236 2563 1340 2618 domum
1352 2566 1431 2635 petris
1445 2566 1481 2620 tui
1493 2580 1502 2619 :
1515 2575 1538 2619 et
1550 2566 1709 2637 concupiscet
1723 2583 1770 2621 ren
1781 2566 1826 2624 dc-

1032 2670 1116 2710 corem
1125 2655 1215 2708 tuum.
1224 2653 1325 2711 Deinde
1339 2665 1368 2710 nt
1381 2655 1480 2722 discas,
1494 2672 1555 2712 eum
1570 2654 1613 2712 bic
1623 2657 1688 2712 nihil
1702 2658 1827 2715 scttsibile

1033 2746 1134 2814 dicere,
1147 2744 1209 2801 enm
1222 2747 1299 2802 andis
1320 2746 1542 2817 pulchritudinem
1555 2791 1563 2816 ,
1586 2766 1620 2806 oe
1632 2751 1724 2807 oculos
1740 2763 1826 2823 putes,

1032 2855 1087 2896 nen
1102 2854 1205 2904 nasum,
1218 2854 1271 2894 non
1284 2854 1324 2905 os,
1336 2856 1389 2895 non
1400 2839 1497 2896 collum
1509 2857 1517 2908 ;
1531 2839 1578 2896 sed
1586 2841 1723 2914 pictatem.
1734 2843 1824 2909 fidem,

1033 2934 1191 2999 caritatem,
1211 2946 1270 3000 quse
1284 2929 1355 2986 intus
1366 2929 1430 2986 'sunt
1443 2949 1449 2984 ε
1463 2930 1552 2986 Otrtnir
1572 2933 1642 2988 enim
1664 2932 1747 3006 qlort'o
1766 2932 1828 3002 filie

1032 3025 1099 3096 repis
1119 3023 1151 3080 ab
1171 3025 1238 3080 intes
1251 3021 1337 3097 (Prot.
1351 3025 1396 3080 dd.
1411 3023 1467 3098 tt).
1492 3025 1544 3082 Pro
1560 3023 1601 3080 bis
1620 3025 1682 3082 ver'o
1703 3025 1827 3100 erunibus

1032 3119 1132 3189 gratias
1144 3133 1254 3190 agamus
1268 3117 1323 3172 Deo
1337 3118 1431 3172 borum
1445 3116 1550 3185 datori,
1565 3117 1625 3188 qnia
1641 3117 1726 3188 ipsum
1739 3115 1827 3172 solum

1033 3210 1112 3267 decet
1125 3211 1220 3282 gloria,
1236 3205 1331 3278 honor,
1348 3209 1489 3282 imperium
1503 3209 1528 3264 in
1545 3209 1640 3265 secuta
1652 3209 1826 3265 seculorum.

1033 3305 1129 3360 dmen.

193 3505 1793 3567 Ἠ

798 3627 1231 3743 montrum

458 3801 499 3862 IN
520 3798 728 3862 notttttatf
749 3798 832 3861 cett
854 3798 1103 3862 strumentus
1117 3798 1170 3857 ET
1192 3795 1458 3870 abnueremus
1482 3815 1554 3858 erc.

225 3915 300 3974 Hane
312 3916 450 3973 homiliam
464 3917 566 3973 duabus
579 3917 714 3987 prioribus
726 3915 761 3972 de
777 3915 908 3985 Eutropio
919 3916 982 3972 snb-

189 4008 346 4064 nectcndam
360 4025 429 4075 esse,
446 4009 502 4080 ipsa
515 4023 604 4064 rerum
618 4007 702 4063 series
711 4006 814 4062 suadet.
829 4005 896 4062 Cum
909 4008 982 4062 euim

190 4099 307 4168 Gninas,
329 4109 390 4172 post
412 4102 578 4172 impetratam
594 4099 689 4171 partim
705 4100 730 4154 ri
746 4098 841 4168 partim
854 4099 916 4154 dolo
930 4099 984 4154 Eu·

192 4192 269 4262 tropii
284 4193 385 4248 ruinam
402 4193 617 4263 perniciemque,
630 4189 795 4262 petulantior
809 4189 835 4245 in
849 4189 908 4246 dies
920 4205 984 4246 era·

190 4285 285 4350 deret,
307 4301 340 4342 eo
362 4285 469 4342 demunt
493 4285 663 4356 impudentiae
678 4285 827 4354 processit,
852 4292 881 4338 ut
901 4280 984 4338 armis

189 4379 326 4450 copiisque
335 4380 489 4443 instructus,
506 4377 642 4435 Saturnini
657 4387 686 4434 ct
698 4378 845 4441 Aureliani,
859 4377 903 4449 qui
915 4363 984 4434 inter

191 4471 297 4541 imperii
316 4487 442 4544 proceres
454 4470 626 4535 eminebant,
641 4471 727 4540 capita
740 4469 918 4540 deposceret,
934 4483 984 4526 nec

191 4551 241 4615 nisi
260 4562 310 4616 bae
331 4561 483 4618 conditione
502 4577 532 4617 se
549 4577 623 4617 artua
640 4561 788 4631 positurum
800 4575 860 4615 esse
875 4560 983 4615 mittita-

190 4663 273 4708 retur.
288 4653 416 4710 Arcadius
430 4670 494 4710 tero
507 4653 664 4724 imperator,
685 4653 729 4725 qni
740 4653 775 4708 ob
788 4653 910 4708 inertiam
924 4666 983 4708 me-

174 4748 178 4756 '
190 4744 298 4818 tumque
309 4747 393 4802 coitis
405 4732 507 4818 injurie
516 4756 681 4818 opportunus
690 4755 758 4814 erat,
775 4761 831 4802 rem
844 4753 985 4817 quantum-

188 4835 378 4908 risindiqnam
401 4837 534 4909 denegare
554 4853 607 4893 non
632 4851 733 4904 ausus,
760 4846 847 4893 tantos
862 4838 934 4895 cirris
949 4837 984 4893 ad

189 4941 282 4983 necem
303 4930 449 4986 traditurus
469 4939 545 4998 erat3
571 4929 623 4985 nisi
643 4929 868 5002 chrysostomus,
891 4937 985 5000 utpote

190 5019 342 5073 communis
363 5022 482 5075 omnium
504 5031 600 5092 pater,
616 5022 656 5076 sic
668 5022 726 5090 ipse
739 5018 850 5077 Gainam
861 5019 982 5087 adiisset,

193 5103 364 5191 Obernbnlens
377 5151 388 5173 ,
400 5111 502 5181 inquit,
513 5115 659 5178 refrenent,
674 5112 811 5180 obtestans,
824 5112 982 5183 supplicent,

1034 3925 1063 3971 nt
1081 3933 1098 3970 ιι
1114 3913 1223 3969 dentinit
1234 3930 1264 3968 ec
1276 3913 1408 3969 celentitet
1425 3914 1591 3986 depelleretur
1597 3931 1607 3979 ,·
1629 3915 1708 3986 idque
1720 3915 1827 3972 demum

1035 4019 1050 4060 a
1064 4005 1177 4060 barbaro
1190 4003 1375 4073 impetrasset,
1393 4010 1421 4056 ut
1430 4003 1494 4057 satis
1508 4001 1620 4059 baberet
1634 4005 1655 4059 si
1667 4005 1828 4062 Saturninus

1035 4105 1063 4152 et
1084 4094 1243 4149 Aurelianus
1268 4092 1295 4154 in
1318 4092 1440 4148 exsilium
1464 4079 1643 4150 mitterentur.
1670 4094 1699 4151 ld
1725 4095 1823 4152 accidit

1035 4203 1107 4246 anno
1120 4188 1226 4244 circiter
1242 4189 1350 4244 ineunte
1364 4185 1426 4252 fbb,
1442 4196 1472 4242 ut
1486 4187 1605 4258 pluribus
1623 4189 1649 4244 in
1664 4189 1723 4244 Vita
1737 4189 1825 4262 Cltry-

1035 4279 1146 4338 sostomi
1162 4287 1294 4336 canatur.
1317 4278 1375 4347 Quo
1394 4288 1504 4351 peracto
1518 4281 1624 4350 negotio
1642 4280 1710 4336 batte
1722 4283 1816 4338 educit)

1035 4389 1096 4429 nem
1111 4371 1220 4441 babuit;
1236 4371 1280 4428 ubi
1297 4371 1330 4428 de
1341 4369 1635 4444 Cottstaminopclitano
1650 4373 1780 4442 tumultu,
1794 4375 1829 4431 de

1034 4463 1220 4522 uicissitudine
1235 4463 1410 4520 bumanorum
1424 4457 1525 4533 rerum,
1540 4463 1574 4522 dc
1585 4465 1737 4522 divitiarum
1754 4469 1829 4523 vani-

1037 4567 1091 4634 tate
1116 4558 1251 4636 eleganter
1274 4571 1322 4630 pre
1345 4573 1421 4614 more
1443 4573 1493 4614 sue
1515 4549 1639 4614 disserit.
1661 4543 1829 4629 Paupertatis

1035 4649 1105 4705 bona
1120 4649 1299 4720 depredicnt,
1320 4659 1412 4721 utpote
1427 4665 1485 4720 qme
1503 4649 1603 4705 ctntam
1623 4659 1731 4720 praestet
1750 4659 1828 4706 seen-

1035 4745 1152 4810 ritatem,
1168 4751 1295 4814 qnantum
1307 4742 1406 4797 divitie
1422 4741 1568 4814 pericnlum
1585 4743 1699 4813 parium.
1715 4741 1827 4797 bennum

1036 4835 1159 4905 exemplo
1170 4833 1229 4891 lobi
1250 4833 1282 4890 ad
1297 4835 1463 4890 calamitates
1480 4835 1582 4891 fortiter
1596 4833 1719 4890 ferendas
1734 4834 1826 4889 itona-

1037 4934 1096 4993 tur,
1110 4935 1137 4983 et
1151 4927 1190 4982 sic
1200 4926 1354 4983 concionem
1371 4925 1478 4981 clattdit.

1073 5017 1167 5074 lacerti
1179 5019 1421 5089 interpretationem
1439 5017 1558 5072 latinam
1570 5060 1577 5082 ,
1591 5014 1748 5086 plurimisin
1764 5015 1830 5074 locis

1037 5113 1220 5180 entendamm,
1235 5115 1350 5188 edimus.
1660 5125 1661 5130 ’

886 5299 1144 5391 monetata,
1175 5307 1179 5318 “

191 5441 259 5490 cett
280 5427 478 5492 strunatt‘tus
498 5449 539 5492 ar
558 5446 643 5497 tone
658 5443 757 5491 nunus
776 5447 850 5492 terr
872 5449 988 5494 essens
1011 5451 1044 5496 tn
1059 5453 1228 5506 crstinum,
1252 5455 1292 5498 er
1314 5455 1426 5500 cernas
1454 5453 1607 5498 cenamus
1632 5452 1723 5496 esser
1746 5453 1763 5494 e
1785 5449 1832 5496 ct·

774 5549 913 5606 errare3
935 5551 977 5594 rr
989 5553 1030 5595 ee
1053 5556 1203 5602 nvtntrtt
1220 5539 1275 5620 (a).

230 5650 257 5705 f.
271 5649 353 5707 bfnlto
365 5661 485 5724 tempore
496 5653 577 5720 silui,
601 5663 627 5709 ct
651 5659 709 5726 post
729 5653 837 5724 longum
858 5655 985 5724 temporis

228 5763 264 5824 (ιι)
281 5767 368 5817 cellula
381 5784 436 5818 rum
447 5778 489 5820 its.
502 5778 559 5833 neg.
577 5775 635 5824 tftt'·

1041 5645 1156 5732 spatium
1172 5663 1203 5717 ad
1218 5661 1355 5719 caritmem
1372 5670 1486 5715 metram
1507 5675 1629 5716 resersus
1647 5675 1705 5716 snm
1717 5679 1726 5715 t
1740 5676 1833 5717 rerttttt

1048 5756 1072 5810 id
1090 5773 1141 5812 iton
1158 5755 1253 5811 accidit
1268 5755 1319 5810 nlla
1336 5755 1375 5810 rel
1398 5755 1479 5811 antimi
1498 5753 1697 5818 soenrdimsel
1713 5769 1832 5826 corpores
