4142 6342
230 303 265 361 as
603 295 632 353 s.
651 289 790 350 roauuts
808 278 1046 369 ennusostuut
1065 275 1223 336 tacetur.
1243 271 1509 332 consumamur.
1840 279 1876 333 5,-

154 455 159 462 .
233 419 278 474 nte
297 426 412 480 musar,
427 415 481 472 iilic
499 410 594 483 urget?
609 406 727 464 Gloriam
742 403 1022 460 enimessecrucem,
1081 400 1226 461 tunsoque
1241 386 1374 444 desiderio
1385 382 1537 451 desiderare
1550 381 1619 440 lraue
1634 399 1689 440 rem
1705 384 1786 454 dicit,
1801 396 1828 441 ct
1841 391 1875 442 :nt

233 510 295 566 audi
313 507 447 581 quomodo
461 513 572 562 testetur
582 500 755 571 evangelista,
771 495 886 552 dicens:
904 492 1025 547 Nondum
1080 482 1132 538 lmc
1150 489 1245 553 sponte
1270 479 1352 546 uenit,
1376 477 1510 550 quomodo
1531 485 1622 548 rugat,
1634 485 1663 532 ut
1675 475 1725 535 luae
1737 493 1789 534 non
1804 482 1848 534 tint
1864 480 1878 532 ‘l

234 602 301 657 „qm
320 608 374 654 mg
394 597 468 652 gam,
483 593 595 666 sygna,
620 598 739 655 samius,
754 587 813 658 quin
825 583 901 640 tuus
914 581 1026 638 nondum
1081 570 1157 640 Quod
1174 571 1196 625 si
1211 570 1335 637 nolebat,
1350 585 1413 624 num
1427 567 1534 624 dillicile
1555 567 1605 624 luit
1618 566 1652 623 nd
1666 568 1718 624 lunc
1739 569 1879 624 sentientes

235 698 289 746 m,
302 688 460 761 flmmeum,
475 684 484 758 (
500 682 543 738 gg,
559 685 587 740 7,
610 681 646 739 gp
660 679 681 753 ),
704 679 805 734 florum
827 684 917 732 aurem
931 674 1028 730 vernn.
1081 661 1334 733 protuberetllunc
1360 669 1448 716 autem
1471 657 1561 724 uides,
1584 673 1646 714 eum
1666 658 1699 714 ad
1724 658 1792 717 banc
1819 677 1877 714 retu

237 795 297 833 rum
326 777 384 831 qm
407 783 448 831 esp
469 773 602 830 semmua
619 769 764 828 :Nondum
785 776 843 825 erat
857 766 917 822 dam
929 763 1026 836 granta,
1081 753 1161 809 etiarn
1175 765 1325 808 accurrere.
1341 750 1418 806 Certe
1431 745 1491 806 curin
1507 749 1534 804 in
1545 748 1631 820 ipsum
1646 747 1779 806 irruerent
1790 749 1877 816 dixit,

235 870 296 942 quia
309 867 426 925 nouitium
437 864 711 923 restinctumeratllei
722 879 783 934 erga
794 857 1027 922 ltominesodium;
1084 843 1164 911 Quem
1186 841 1297 912 queritis
1313 841 1325 896 ·⁹
1339 841 1374 896 Ᾰῑ
1388 841 1424 896 ῑΙῙῙ
1439 840 1549 907 dicum·
1565 837 1664 896 Jtfflm·
1688 840 1720 895 El
1746 840 1784 896 ³¹²
1806 841 1877 910 mil·

235 957 308 1032 quod
322 957 440 1014 nondum
454 955 578 1012 cqqqsqus
592 956 625 1010 ad
636 970 743 1011 crucem
759 951 944 1024 processisset,
955 948 1028 1014 cmg
1083 933 1150 989 Ecce
1162 949 1207 1006 ego
1221 948 1295 999 rurrt,·
1311 941 1334 987 et
1348 931 1463 988 abierunt
1477 939 1628 1000 retrorsum,
1644 947 1675 985 ac
1691 931 1831 986 senuerunt
1851 933 1880 986 in

236 1050 308 1107 enim
322 1049 369 1105 bei
381 1049 406 1105 in
418 1048 541 1104 bomines
556 1047 648 1106 odium
657 1045 790 1110 restinxit,
809 1044 892 1099 ileum
908 1056 968 1098 cum
977 1039 1028 1094 110-

237 1137 354 1198 minibus
368 1136 561 1203 reconciliauit,
576 1145 675 1193 terram
686 1137 780 1192 calum
794 1133 893 1200 eliecit,
906 1131 1030 1188 homiues

237 1246 298 1289 cum
313 1231 415 1302 angelis
429 1230 546 1295 miscuit,
562 1228 656 1284 martis
669 1213 758 1283 arcem
773 1225 979 1280 munitissimam
990 1222 1031 1277 di-

237 1321 303 1389 rult,
318 1320 418 1377 diaboli
437 1319 509 1376 uires
529 1319 677 1385 enerravit,
692 1317 797 1388 peccati
814 1315 941 1370 uirtutem
956 1314 1030 1370 dele-

238 1413 287 1482 rit,
308 1419 407 1469 terram
431 1412 465 1468 ab
486 1426 578 1467 errore
599 1410 732 1476 liberarit,
749 1409 891 1464 rsrimtem
912 1405 1030 1473 reduxit,

240 1505 377 1562 daemones
389 1503 500 1574 expulit,
515 1503 613 1572 templa
626 1501 768 1566 destruxit,
783 1499 878 1556 altaria
889 1484 1032 1565 subuertit,

240 1593 363 1650 nidorem
393 1592 500 1649 sustulit
525 1591 739 1658 sacrificiorum,
757 1591 882 1646 uirtutem
910 1589 1034 1656 inscruit,

146 1689 152 1694 ’
241 1683 377 1740 Ecclesiae
390 1681 518 1738 iuudauit.
534 1681 605 1737 Crux
618 1681 707 1737 Patris
718 1681 852 1748 uoluntas,
863 1680 925 1736 l'ilii
938 1681 1032 1751 gloria,

241 1774 357 1846 Spiritus
373 1773 458 1828 sancti
468 1773 622 1838 exsultatio,
640 1771 716 1828 Pauli
727 1771 850 1844 gloriatio
863 1788 872 1826 .·
887 1771 951 1826 ltttl
962 1773 1035 1828 011110

242 1865 317 1930 abrit,
333 1864 428 1936 iuquit,
448 1863 563 1935 gloriari,
578 1864 628 1918 nisi
640 1864 667 1918 in
679 1881 753 1918 01100
765 1864 870 1919 Domini
880 1865 960 1920 nostri
973 1864 1037 1921 Iesu

243 1947 422 2025 1111011101.
439 1947 466 2003 6.
484 1947 539 2018 11).
555 1947 625 2002 Crux
639 1947 696 2002 sole
704 1947 812 2014 clarior,
827 1947 907 2003 radiis
919 1948 1038 2019 splendi-

119 2093 124 2099 .
244 2038 304 2096 dior
318 2056 326 2094 a
339 2037 484 2093 cumcuim
497 2036 541 2092 ille
553 2037 722 2103 obscuratur,
734 2045 790 2092 tum
805 2037 855 2093 ista
866 2037 949 2109 iulget
962 2057 969 2105 ;
982 2049 1038 2094 tum

247 2145 312 2186 rere
333 2129 373 2185 sol
386 2128 554 2194 obscuratur,
569 2143 622 2182 non
638 2127 711 2198 quod
723 2143 739 2184 e
753 2127 843 2183 medio
856 2127 973 2197 tollatur,
991 2129 1039 2185 sed

247 2220 319 2293 quod
331 2219 418 2278 mucis
432 2218 575 2289 splendore
598 2228 750 2289 superetur.
763 2218 833 2274 Crux
847 2228 968 2274 nostrum
980 2218 1040 2274 cbi-

248 2309 411 2382 rngrapbum
430 2309 568 2375 lacerarit,
583 2310 677 2364 mortis
690 2323 827 2364 carcerem
842 2309 962 2366 inutilem
981 2311 1043 2366 red-

249 2400 327 2466 didit,
340 2414 406 2456 crux
419 2399 516 2455 divium
532 2399 652 2454 caritatis
676 2396 814 2455 indicium.
830 2397 876 2454 Sic
887 2400 954 2453 eninr
973 2398 1044 2456 Deus

250 2490 339 2546 ditem
357 2489 491 2555 mundum,
504 2497 534 2543 ut
548 2487 645 2544 Filium
662 2505 736 2544 suurn
748 2489 905 2561 unigenitum
918 2489 999 2556 daret,
1015 2500 1044 2545 ut

250 2581 334 2636 onmis
345 2579 390 2651 qul
401 2580 481 2634 credit
494 2579 521 2633 in
533 2579 616 2651 iprum
628 2595 680 2634 non
693 2587 778 2648 pereat
793 2577 922 2653 (100115.
940 2579 997 2650 16).
1011 2579 1045 2635 Et

251 2687 345 2730 rursus
360 2673 469 2741 Paulus,
487 2672 518 2728 Si
532 2671 683 2738 enimcum
692 2671 790 2726 inimici
801 2687 921 2740 01100100,
932 2673 1046 2728 reconci-

253 2765 309 2820 liati
328 2781 416 2820 rumua
438 2764 491 2820 ooo
507 2781 551 2835 per
571 2775 676 2820 mortem
691 2762 755 2819 Filii
774 2766 830 2835 eiua
842 2763 930 2837 (11001.
945 2767 971 2822 5.
987 2765 1045 2839 tu).

252 2857 325 2912 Crux
344 2871 437 2912 murus
458 2856 681 2928 inexpugnabilis,
694 2864 799 2911 scutum
814 2855 951 2921 inuictum,
968 2871 1048 2912 secu·

254 2946 321 3002 ritas
332 2945 455 3011 diuitum,
470 2959 618 3016 pauperum
630 2945 776 3015 opulentia,
792 2959 884 3001 eorum
899 2946 995 3016 quibus
1006 2945 1049 3001 in·

255 3035 331 3091 sidiae
344 3043 471 3106 parantur
481 3036 720 3106 propugnaculum,
733 3050 838 3102 eorum,
854 3035 898 3108 qui
914 3037 986 3094 bello
998 3053 1046 3093 ue-

257 3132 366 3190 100101,
380 3132 526 3191 manatura,
541 3123 769 3194 perturbationum
778 3123 935 3192 destructio,
945 3128 1050 3182 uirtutis

256 3214 389 3282 tundam,
402 3218 507 3286 siguurm
514 3215 673 3272 admirabile
686 3217 899 3288 acstupendum.
914 3217 1049 3274 Generutio

174 3331 179 3340 ·
255 3307 330 3364 enim
342 3307 396 3362 bec
408 3307 507 3378 rignum
515 3308 615 3379 querit,
629 3317 654 3361 et
665 3307 767 3379 signum
779 3325 830 3364 non
843 3309 945 3364 dabitur
957 3309 988 3378 ei,
1001 3311 1052 3367 nisi

255 3399 357 3469 riguum
366 3396 442 3452 doure
453 3396 561 3469 (110111.
575 3397 620 3454 tu.
634 3399 692 3471 51).
706 3399 828 3471 itemque
838 3401 944 3469 Paulus,
961 3402 1052 3470 Quan-

180 3541 188 3549 ,
258 3487 393 3558 doquidenr
403 3481 489 3542 iudei
498 3489 572 3559 rigna
584 3498 683 3560 petunt,
696 3501 720 3544 et
726 3489 810 3545 Graeci
820 3492 971 3564 rapientium
981 3509 1052 3564 que-

259 3587 330 3646 runt,
352 3585 489 3632 norautern
508 3578 677 3648 praedicantur
696 3577 825 3636 Gbrirtunr
846 3583 999 3652 crucifixum
1013 3583 1051 3657 (1.

259 3668 319 3726 Cor.
337 3671 364 3728 l.
380 3669 438 3741 22).
449 3670 520 3726 Crux
534 3673 688 3742 paradisum
709 3676 838 3729 reserauit
853 3674 904 3747 (a),
920 3675 1050 3732 latronem

260 3761 417 3830 introduxit,
430 3771 514 3832 geraus
528 3762 684 3831 burnauum,
698 3767 768 3834 quud
781 3766 928 3838 periturum
940 3777 1008 3834 erat,
1021 3784 1055 3825 ac

260 3865 296 3906 ne
322 3860 392 3905 terra
415 3849 523 3922 quidem
544 3851 664 3924 dignum,
675 3855 703 3910 in
728 3870 839 3927 regnum
858 3856 985 3913 catorum
1006 3858 1054 3915 de·

262 3942 348 3999 duxit.
363 3941 447 3998 'lanta
462 3941 540 3999 nobis
553 3944 684 4002 beneilclu
696 3947 859 4004 crucisbona
875 3948 1053 4020 obvenerunt,

260 4041 289 4090 ct
301 4033 455 4100 obreniunt‚
469 4041 497 4090 et
508 4049 562 4090 non
572 4034 627 4092 vult
641 4037 782 4110 crucifigit
796 4039 862 4108 Quis
878 4040 939 4109 lunc,
953 4053 1054 4111 quaeso,

263 4123 380 4178 dixerit?
403 4121 451 4178 Sin
465 4132 554 4179 autem
568 4125 687 4194 nolebat,
698 4127 757 4198 quis
773 4143 834 4184 eum
848 4131 962 4201 cogebat
972 4131 985 4183 ‘l
995 4131 1057 4201 quis

264 4215 290 4271 ei
302 4214 356 4269 viru
369 4212 520 4270 11110101)οι1
529 4213 563 4272 111
577 4217 735 4288 quidautem
751 4227 778 4274 et
787 4220 933 4292 propbetas
946 4221 1057 4292 praeni-

264 4307 299 4361 sit
311 4305 500 4361 annuntiantes
513 4305 579 4374 iore,
595 4318 624 4363 ut
635 4310 846 4381 crucillgeretur,
859 4313 882 4368 si
896 4313 1056 4383 crucifigen-

265 4398 316 4455 dus
335 4413 389 4453 uon
403 4407 471 4466 erat,
485 4414 572 4471 neque
584 4401 636 4457 tec
648 4402 702 4472 pati
715 4401 841 4458 uolebat?
855 4402 956 4473 utquid
969 4412 1058 4458 autem

265 4498 294 4546 ct
305 4489 416 4545 calicem
428 4503 535 4546 crucem
550 4499 638 4558 vocat,
657 4493 680 4548 si
695 4493 787 4564 utique
797 4493 916 4566 crucifigi
930 4493 1059 4550 nolebat?

268 4580 321 4636 lucc
332 4579 406 4636 enim
420 4588 463 4636 est
476 4584 659 4650 ostendentis,
670 4595 770 4655 quanto
784 4583 862 4652 nujus
874 4585 913 4640 rei
926 4585 1060 4643 desiderio

267 4679 413 4728 teneretur.
424 4671 656 4741 Quemadmodum
674 4675 746 4730 euim
759 4672 911 4733 sitientibus
923 4675 1061 4733 ealiusua·

265 4767 308 4821 uir
325 4774 376 4831 cst,
390 4766 429 4821 sic
443 4775 470 4822 et
484 4767 534 4838 ipsi
548 4766 667 4838 cruciligi
679 4783 687 4833 ;
703 4783 784 4840 quam
797 4767 832 4825 ab
851 4783 908 4828 rem
924 4770 1004 4828 etiarn
1018 4770 1060 4828 di·

267 4857 362 4926 nebat,
377 4855 510 4916 desiderio
524 4857 664 4913 desideravi
676 4861 723 4914 troc
741 4862 836 4932 parcito
848 4863 1002 4938 manducare
1015 4880 1062 4920 uo·

267 4948 364 5004 birrum
376 4949 453 5020 (Luc.
472 4949 518 5004 22.
535 4950 581 5021 16)
593 4967 600 5002 :
617 4964 670 5004 nort
683 4949 755 5021 quod
767 4950 818 5006 lmc
834 4960 936 5009 temere
948 4952 1060 5025 diceret,

270 5041 318 5096 scd
328 5041 363 5097 ab
375 5039 445 5097 liaric
464 5055 584 5109 causam,
599 5056 632 5097 ea
643 5041 712 5111 quod
730 5051 790 5113 pust
803 5058 942 5115 uesperam
962 5046 1064 5103 subitu-

272 5145 318 5186 rus
327 5145 433 5187 crucem
447 5139 529 5187 esset.

306 5223 333 5280 3.
347 5223 440 5279 Contra
449 5221 582 5278 Anomoeor
591 5231 614 5278 et
624 5223 730 5280 Arianos
744 5223 874 5298 00111100
886 5223 1064 5281 001111101Ρο·

271 5314 317 5370 tris
327 5324 351 5370 et
366 5311 438 5368 Filii.
449 5310 571 5367 1100111110
581 5315 613 5368 de
620 5313 799 5380 lncumatioue
810 5315 913 5371 Glariutr‘.
923 5315 990 5371 -ls
1001 5330 1066 5387 crgo

272 5408 319 5476 qui
330 5406 410 5461 etiam
423 5404 535 5475 gloriam
552 5421 608 5460 rern
623 5405 700 5463 istam
712 5409 846 5479 appellat,
860 5418 886 5464 et
906 5407 1065 5478 discipulum

272 5497 394 5565 increpat
405 5538 413 5564 ,
424 5511 457 5552 00
469 5497 541 5568 quod
555 5498 641 5569 ipsum
654 5500 809 5571 pralilbcat,
825 5509 852 5554 ct
866 5499 964 5555 bonurn
978 5511 1067 5571 pasto·

275 5599 376 5644 101101
390 5587 442 5643 boc
453 5601 484 5644 se
498 5590 632 5656 ostendit,
646 5591 716 5661 quod
730 5606 777 5661 pro
787 5592 881 5647 ouibus
895 5593 950 5648 suis
962 5591 1067 5649 occida-

306 5697 344 5762 (0)
360 5699 402 5750 lile
412 5697 479 5751 lactu
490 5701 578 5750 citatru
589 5703 614 5750 ia
621 5700 725 5753 00001110
735 5709 808 5753 sexto
818 5706 977 5756 mcumenieo.

1083 1033 1176 1082 terrum
1191 1023 1281 1096 (10011.
1295 1021 1390 1094 1111).
1405 1021 1472 1080 Cum
1494 1022 1572 1095 igitur
1587 1025 1634 1078 eos
1653 1021 1726 1092 prius
1743 1037 1879 1080 excaecas-

1084 1127 1143 1184 set,
1169 1132 1250 1189 seque
1271 1114 1398 1188 aufugere
1423 1097 1544 1187 potuisse
1570 1114 1749 1182 ostendisset,
1769 1125 1823 1172 turn
1837 1131 1882 1172 se-

1085 1211 1171 1282 ipsum
1185 1209 1309 1277 tradidit,
1321 1219 1352 1265 ut
1363 1208 1493 1281 intelligas
1504 1224 1565 1266 curn
1579 1223 1632 1264 non
1648 1208 1820 1277 necessitate,
1834 1225 1883 1267 ue-

1085 1319 1139 1376 que
1152 1305 1195 1373 ri,
1209 1318 1297 1376 neque
1311 1297 1360 1374 per
1375 1301 1540 1375 tyrannidem
1563 1301 1720 1358 irruentium
1735 1300 1882 1360 110000011-

1087 1397 1177 1452 nuisse
1192 1395 1338 1462 nolentem,
1347 1393 1395 1450 sed
1406 1394 1476 1450 ultro
1488 1407 1520 1450 ac
1534 1393 1668 1449 uuleintem
1681 1402 1709 1450 01
1723 1393 1880 1466 eligentem,

1086 1504 1119 1545 ae
1138 1487 1222 1544 multo
1245 1495 1308 1544 ante
1328 1485 1367 1542 sie
1395 1485 1604 1562 dispensantem.
1628 1483 1730 1541 idcirco
1744 1486 1884 1557 prophetae

1088 1578 1327 1652 praemittebantur,
1342 1585 1369 1632 et
1389 1574 1547 1648 patriarcba·
1563 1575 1762 1646 predicebam,
1776 1585 1803 1634 et
1817 1593 1884 1634 crux

1089 1671 1177 1729 uerbis
1185 1669 1263 1726 simul
1275 1684 1307 1726 ac
1317 1668 1397 1724 rebus
1407 1666 1636 1740 praellgurulratur.
1648 1665 1784 1740 Siquidem
1800 1652 1886 1726 lsuac¹

1089 1761 1214 1818 mactatio
1230 1773 1336 1815 erucem
1354 1757 1431 1813 nobis
1444 1755 1617 1828 designabat,
1634 1756 1704 1814 unde
1717 1767 1744 1813 et
1755 1759 1859 1816 dicebat
1875 1779 1882 1816 :

1092 1853 1219 1910 Abrabam
1235 1861 1306 1923 pater
1319 1861 1399 1907 uerter
1408 1849 1541 1906 earuttauit
1555 1858 1582 1903 ut
1596 1849 1688 1904 uideret
1702 1850 1861 1906 01001110011
1874 1893 1884 1922 ,

1092 1955 1116 2002 01
1129 1946 1208 2014 uidit,
1232 1953 1256 2001 et
1276 1945 1376 2017 gauisus
1396 1953 1433 1999 est
1457 1940 1565 2014 (10.8.
1588 1941 1622 1998 66
1635 1939 1657 2016 ).
1677 1942 1750 2014 Ergo
1774 1945 1887 2016 patriar-

1092 2041 1142 2096 cba
1154 2037 1261 2110 quidem
1282 2036 1388 2107 gavisus
1400 2043 1458 2101 est,
1472 2049 1535 2090 cum
1554 2034 1695 2105 imaginem
1710 2036 1797 2092 cmcis
1812 2035 1888 2093 ulde-

1095 2139 1144 2195 ret,
1162 2130 1218 2200 ipse
1231 2141 1295 2184 uero
1309 2141 1365 2183 rem
1376 2126 1461 2197 ipsam
1474 2125 1603 2181 recusati
1614 2123 1721 2180 Etuero
1735 2123 1839 2198 lloyses
1848 2127 1889 2182 sic

1095 2221 1205 2278 Amalec
1218 2218 1367 2290 superauit,
1391 2217 1453 2287 quia
1476 2216 1587 2288 liguram
1609 2216 1697 2273 erucis
1711 2216 1827 2274 ostendit
1840 2235 1848 2273 τ
1861 2227 1891 2274 01

1095 2306 1360 2382 sexcentaejusmodi
1374 2306 1400 2362 in
1409 2307 1494 2362 reteri
1504 2305 1676 2362 Testamenta
1688 2306 1811 2377 leguntur
1819 2308 1891 2362 acci-

1097 2403 1178 2467 disse,
1194 2416 1254 2474 quae
1266 2413 1373 2455 crucem
1395 2396 1613 2468 praellgurabant.
1628 2393 1665 2454 Ut
1676 2397 1740 2469 quid
1756 2397 1835 2467 igitur
1853 2408 1891 2456 ata

1098 2495 1209 2560 liebant,
1225 2491 1246 2548 si
1259 2490 1336 2562 isqui
1350 2484 1457 2546 cmcenu
1468 2496 1527 2544 erat
1538 2489 1684 2554 subiturus,
1699 2489 1750 2546 buc
1761 2489 1818 2545 llerl
1840 2505 1891 2546 no·

1098 2587 1169 2646 lebat
1182 2585 1194 2639 ‘l
1210 2584 1237 2640 ld
1248 2596 1313 2640 uero
1324 2580 1395 2653 quod
1408 2581 1539 2653 sequitur,
1552 2579 1640 2636 adbuc
1648 2589 1689 2636 est
1697 2581 1831 2651 explicatu
1841 2580 1892 2636 dit

1100 2680 1204 2736 ilcilius.
1217 2681 1284 2737 Cum
1299 2681 1370 2738 enim
1383 2680 1514 2747 dixisset,
1528 2678 1650 2736 Transeat
1663 2695 1680 2732 a
1691 2695 1731 2734 rite
1742 2678 1810 2733 ralia
1826 2679 1893 2745 iste,

1100 2773 1220 2830 addidit:
1237 2773 1413 2828 Verumtamen
1434 2789 1485 2828 nun
1507 2773 1571 2827 sicut
1583 2788 1629 2844 ego
1641 2771 1712 2837 ooio,
1729 2771 1773 2826 seo
1786 2771 1851 2826 rieul
1865 2779 1893 2826 ttt

1103 2863 1207 2938 (1111111.
1220 2863 1266 2920 26.
1277 2863 1379 2934 lidbssr
1390 2862 1442 2920 bue
1453 2862 1708 2933 enim,proutuerba
1719 2861 1894 2927 sumundum

1102 2955 1256 3010 saturitates
1280 2953 1329 3010 sibi
1354 2953 1467 3010 inuicem
1490 2953 1631 3008 contrariae
1655 2951 1893 3008 demonstrantur:

1103 3049 1234 3120 siquidem
1255 3047 1333 3104 Pater
1347 3062 1407 3102 eum
1420 3046 1476 3101 uult
1490 3043 1625 3116 cruciligi,
1640 3052 1667 3100 at
1680 3045 1738 3112 ipse
1751 3057 1803 3101 non
1818 3043 1893 3098 uult:

1105 3140 1209 3196 tametsi
1219 3137 1316 3209 ubique
1324 3138 1444 3194 ridemus
1454 3136 1547 3193 eadem
1564 3138 1649 3206 ipsum
1660 3149 1721 3191 cum
1730 3133 1895 3200 Petr'euelle,

1104 3242 1184 3304 atque
1193 3231 1286 3292 eadem
1300 3230 1409 3302 eligere.
1432 3229 1544 3297 Quando
1557 3228 1627 3284 enim
1640 3227 1722 3294 dicit,
1735 3226 1777 3282 Do
1793 3228 1847 3294 eis,
1869 3235 1897 3280 ut

1104 3322 1316 3396 queamdmodum
1328 3339 1374 3394 ego
1387 3331 1411 3376 et
1422 3330 1448 3376 tu
1463 3336 1540 3375 arnum
1555 3335 1655 3387 rurnur,
1670 3319 1756 3390 stipsi
1776 3318 1801 3373 in
1826 3316 1896 3372 nolis

1105 3399 1185 3470 unum
1197 3414 1245 3468 rint
1263 3411 1479 3484 (10011.1“1.11),
1501 3409 1567 3464 nihil
1578 3408 1648 3464 aliud
1664 3408 1739 3476 dicit,
1748 3409 1799 3464 nisi
1816 3424 1895 3466 ruriam

1105 3519 1167 3562 esse
1189 3503 1276 3559 Patris
1294 3510 1322 3558 et
1345 3502 1406 3558 Filii
1433 3500 1608 3556 uoluntatem.
1632 3498 1667 3555 Et
1687 3499 1795 3570 quando
1818 3498 1896 3566 dicit,

1112 3597 1192 3654 Verbo
1205 3612 1264 3669 quoe
1273 3613 1318 3666 ego
1331 3596 1430 3665 loquor,
1444 3611 1494 3648 non
1504 3608 1549 3664 eqo
1562 3593 1651 3663 loquor
1664 3606 1674 3645 .·
1689 3589 1766 3645 Pater
1777 3601 1861 3646 atatem
1871 3590 1898 3644 in

1107 3702 1259 3743 mentonem
1273 3687 1327 3756 ipre
1338 3685 1400 3757 facit
1414 3683 1468 3738 irae
1484 3699 1560 3754 opera
1586 3679 1652 3752 (ld.
1668 3682 1712 3736 11.
1729 3683 1762 3736 lii
1776 3677 1802 3754 ),
1831 3681 1899 3738 istud

1108 3777 1194 3850 ipsum
1214 3775 1373 3832 ostenditur.
1396 3774 1463 3829 Cum
1478 3787 1542 3844 ergo
1554 3771 1634 3838 dicit,
1646 3772 1667 3824 ,1
1679 3786 1718 3826 010
1730 3771 1787 3841 ipro
1804 3787 1854 3826 aon
1867 3771 1900 3826 lo·

1108 3885 1181 3940 quor,
1195 3868 1416 3938 etameipsonon
1426 3864 1481 3920 oeni
1503 3863 1513 3935 (
1528 3861 1570 3918 lt.
1585 3861 1656 3918 ’138
1672 3862 1693 3932 ),
1705 3871 1742 3930 01,
1759 3862 1830 3916 durae
1845 3861 1900 3932 ipro

1109 3977 1160 4017 non
1177 3976 1280 4033 porrum
1299 3957 1435 4031 quidquam
1453 3960 1537 4030 faeere
1561 3952 1629 4028 (111.
1644 3955 1671 4010 5.
1686 3953 1754 4026 66),
1783 3969 1835 4010 nott
1852 3954 1901 4010 boc

1109 4053 1191 4118 dicit,
1206 4060 1234 4107 ut
1248 4049 1372 4108 ostendat
1394 4064 1425 4106 se
1442 4050 1484 4104 uel
1505 4047 1630 4117 loquendi
1653 4045 1696 4102 uel
1719 4045 1829 4101 iaciendi
1843 4059 1901 4100 esse

1110 4151 1242 4215 potestate
1260 4143 1414 4213 priuatum,
1437 4141 1523 4205 absit;
1547 4138 1593 4196 sed
1605 4148 1698 4194 exacte
1709 4137 1800 4193 rolens
1814 4147 1902 4192 osten·

1110 4235 1175 4292 dere
1188 4233 1347 4291 concordem
1362 4247 1437 4288 suam
1450 4245 1511 4287 esse
1523 4245 1582 4286 curn
1594 4229 1672 4288 Patre
1682 4227 1839 4286 sententiam
1849 4238 1901 4304 tarn

1112 4329 1138 4384 iu
1153 4327 1252 4392 uerbis,
1263 4341 1342 4398 quarn
1356 4325 1383 4379 ln
1400 4325 1496 4389 rebus;
1508 4331 1535 4378 et
1546 4323 1572 4378 iu
1588 4322 1711 4378 omnibus
1725 4319 1902 4392 dispensatiu-

1112 4419 1191 4474 nibus
1206 4433 1286 4474 unam
1300 4415 1554 4485 eamdernqueesse,
1566 4413 1635 4468 sicut
1642 4401 1701 4482 jam¹
1708 4425 1781 4485 supe
1794 4411 1903 4468 demon·

1113 4509 1266 4566 stravimus.
1280 4503 1478 4574 illudenim,d
1501 4521 1540 4560 me
1563 4503 1620 4578 ipro
1644 4521 1695 4560 non
1717 4503 1807 4576 loquor
1833 4502 1901 4575 (111.

1113 4601 1158 4656 ll.
1183 4597 1247 4672 tu),
1263 4613 1317 4655 non
1344 4597 1484 4670 potestatis
1499 4596 1631 4667 privatio,
1646 4595 1693 4652 sed
1708 4608 1853 4650 consensus
1865 4601 1904 4649 est

1113 4689 1247 4764 prabatio.
1271 4689 1323 4759 Qui
1348 4689 1377 4746 ua
1399 4689 1489 4760 igitur,
1506 4697 1534 4742 ut
1555 4685 1598 4742 laic
1623 4686 1708 4750 dicat,
1729 4684 1904 4741 Verumtamen

1114 4800 1166 4839 non
1177 4786 1242 4838 sicut
1253 4799 1299 4854 ego
1309 4783 1376 4848 uolo,
1387 4782 1432 4836 sed
1441 4783 1506 4836 sicut
1520 4790 1546 4834 tu
1567 4779 1672 4850 (1101111.
1684 4777 1729 4833 16.
1741 4779 1786 4849 66)
1796 4778 1808 4830 i
1819 4777 1904 4832 Forsi-

1116 4885 1160 4930 tan
1174 4876 1200 4931 in
1213 4873 1322 4930 nutritam
1336 4873 1496 4929 anxietatem
1509 4887 1557 4928 uos
1566 4869 1748 4940 conjecimus,
1763 4866 1809 4924 sed
1820 4876 1902 4922 alten

1116 4967 1171 5022 dite
1184 4965 1322 5020 animum:
1339 4963 1402 5034 licet
1422 4963 1493 5018 enim
1507 4961 1634 5033 prolixior
1656 4959 1735 5015 luerit
1756 4972 1846 5013 sermo
1860 4971 1903 5012 no·

1116 5066 1183 5122 ster,
1197 5055 1286 5125 uigere
1296 5063 1384 5108 tamen
1399 5063 1479 5124 atque
1488 5051 1642 5107 adolescere
1654 5060 1803 5104 uestrorum
1815 5046 1905 5100 alacri-

1118 5156 1198 5202 tatem
1212 5146 1360 5200 animorum
1377 5144 1459 5215 probe
1472 5143 1534 5198 noui
1549 5156 1625 5197 :nam
1639 5140 1672 5196 ad
1688 5139 1771 5212 ipsam
1782 5139 1904 5209 quastio-

1118 5239 1160 5294 nis
1173 5237 1333 5293 solutionem
1349 5246 1440 5291 nostra
1456 5233 1581 5302 deinceps
1595 5231 1703 5288 iestinat
1716 5228 1813 5310 oratio..
1824 5225 1904 5294 Qunam

1119 5331 1198 5401 igitur
1207 5332 1242 5387 ob
1252 5345 1358 5386 causam
1372 5331 1406 5385 ita
1420 5326 1595 5386 dictumest?
1611 5323 1756 5395 Diligenter
1767 5318 1904 5376 aduertite.

1120 5423 1267 5479 llilircultcr
1279 5419 1422 5478 admodum
1445 5417 1635 5476 admittebatur
1647 5428 1737 5471 sermo
1751 5408 1906 5467 incarnatio·

1120 5517 1170 5572 nis.
1185 5511 1322 5586 Siquidem
1334 5510 1468 5568 excellens
1480 5509 1537 5580 ejus
1551 5507 1594 5563 illa
1610 5503 1750 5562 clementia
1765 5512 1792 5558 et
1813 5509 1905 5556 attem-

1120 5605 1265 5676 perationis
1279 5603 1337 5674 ejus
1354 5599 1507 5672 magnitude
1523 5615 1566 5655 res
1580 5607 1657 5656 erant
1671 5594 1847 5651 admiratione
1868 5589 1906 5644 di·

1122 5696 1275 5768 gnisslmae‚
1292 5695 1426 5765 multaque
1441 5689 1650 5763 praeparatione,
1665 5697 1694 5742 ut
1714 5684 1907 5754 reciperentur,
