<?xml version="1.0" encoding="UTF-8"?>
<!DOCTYPE html PUBLIC "-//W3C//DTD XHTML 1.0 Transitional//EN"
    "http://www.w3.org/TR/xhtml1/DTD/xhtml1-transitional.dtd">
<html xmlns="http://www.w3.org/1999/xhtml" xml:lang="en" lang="en">
 <head>
  <title>
</title>
<meta http-equiv="Content-Type" content="text/html;charset=utf-8" />
  <meta name='ocr-system' content='tesseract 3.04.00' />
  <meta name='ocr-capabilities' content='ocr_page ocr_carea ocr_par ocr_line ocrx_word'/>
</head>
<body>
  <div class='ocr_page' id='page_1' title='image "./patrologicursus83migngoog_0116.png"; bbox 0 0 4142 6342; ppageno 0'>
   <div class='ocr_carea' id='block_1_1' title="bbox 201 420 1071 3754">
    <p class='ocr_par' dir='ltr' id='par_1_1' title="bbox 201 420 1070 2744">
     <span class='ocr_line' id='line_1_1' title="bbox 201 420 324 494; baseline 0.024 -3"><span class='ocrx_word' id='word_1_1' title='bbox 201 420 210 436; x_wconf 86' lang='grc'><strong>”</strong></span> <span class='ocrx_word' id='word_1_2' title='bbox 270 437 324 494; x_wconf 83' lang='lat' dir='ltr'><strong>ns</strong></span> 
     </span>
     <span class='ocr_line' id='line_1_2' title="bbox 271 554 1059 634; baseline 0.019 -28"><span class='ocrx_word' id='word_1_3' title='bbox 271 560 408 622; x_wconf 87' lang='lat' dir='ltr'><strong>reportare</strong></span> <span class='ocrx_word' id='word_1_4' title='bbox 422 565 534 625; x_wconf 89' lang='lat' dir='ltr'><strong>partem,</strong></span> <span class='ocrx_word' id='word_1_5' title='bbox 546 564 673 627; x_wconf 85' lang='lat' dir='ltr'><strong>quantam</strong></span> <span class='ocrx_word' id='word_1_6' title='bbox 683 556 710 614; x_wconf 88' lang='lat' dir='ltr'><strong>in</strong></span> <span class='ocrx_word' id='word_1_7' title='bbox 719 554 856 629; x_wconf 74' lang='lat' dir='ltr'><strong>discipulis</strong></span> <span class='ocrx_word' id='word_1_8' title='bbox 867 572 1059 634; x_wconf 68' lang='lat' dir='ltr'><strong>praeceptores:</strong></span> 
     </span>
     <span class='ocr_line' id='line_1_3' title="bbox 271 647 1063 719; baseline 0.016 -19"><span class='ocrx_word' id='word_1_9' title='bbox 271 656 298 700; x_wconf 91' lang='lat' dir='ltr'><strong>ct</strong></span> <span class='ocrx_word' id='word_1_10' title='bbox 312 647 334 701; x_wconf 89' lang='lat' dir='ltr'><strong>si</strong></span> <span class='ocrx_word' id='word_1_11' title='bbox 350 662 429 701; x_wconf 86' lang='lat' dir='ltr'><strong>tremo</strong></span> <span class='ocrx_word' id='word_1_12' title='bbox 447 648 505 704; x_wconf 88' lang='lat' dir='ltr'><strong>talis</strong></span> <span class='ocrx_word' id='word_1_13' title='bbox 518 648 615 719; x_wconf 83' lang='lat' dir='ltr'><strong>luerit,</strong></span> <span class='ocrx_word' id='word_1_14' title='bbox 631 664 737 706; x_wconf 89' lang='lat' dir='ltr'><strong>rursum</strong></span> <span class='ocrx_word' id='word_1_15' title='bbox 755 651 802 707; x_wconf 92' lang='lat' dir='ltr'><strong>tibi</strong></span> <span class='ocrx_word' id='word_1_16' title='bbox 816 655 1063 715; x_wconf 78' lang='lat' dir='ltr'><strong>commendationes</strong></span> 
     </span>
     <span class='ocr_line' id='line_1_4' title="bbox 270 735 1063 820; baseline 0.016 -27"><span class='ocrx_word' id='word_1_17' title='bbox 270 744 299 793; x_wconf 88' lang='lat' dir='ltr'><strong>et</strong></span> <span class='ocrx_word' id='word_1_18' title='bbox 311 735 403 793; x_wconf 89' lang='lat' dir='ltr'><strong>laudes</strong></span> <span class='ocrx_word' id='word_1_19' title='bbox 417 754 465 809; x_wconf 92' lang='lat' dir='ltr'><strong>per</strong></span> <span class='ocrx_word' id='word_1_20' title='bbox 476 741 595 814; x_wconf 89' lang='lat' dir='ltr'><strong>singulas</strong></span> <span class='ocrx_word' id='word_1_21' title='bbox 606 745 766 814; x_wconf 88' lang='lat' dir='ltr'><strong>proueniunt</strong></span> <span class='ocrx_word' id='word_1_22' title='bbox 778 748 974 820; x_wconf 69' lang='lat' dir='ltr'><strong>generationes.</strong></span> <span class='ocrx_word' id='word_1_23' title='bbox 991 748 1063 806; x_wconf 89' lang='lat' dir='ltr'><strong>Con-</strong></span> 
     </span>
     <span class='ocr_line' id='line_1_5' title="bbox 272 826 1063 913; baseline 0.021 -31"><span class='ocrx_word' id='word_1_24' title='bbox 272 826 360 883; x_wconf 85' lang='lat' dir='ltr'><strong>sidera</strong></span> <span class='ocrx_word' id='word_1_25' title='bbox 373 844 487 901; x_wconf 86' lang='lat' dir='ltr'><strong>namque</strong></span> <span class='ocrx_word' id='word_1_26' title='bbox 500 832 578 903; x_wconf 91' lang='lat' dir='ltr'><strong>quale</strong></span> <span class='ocrx_word' id='word_1_27' title='bbox 590 833 626 889; x_wconf 89' lang='lat' dir='ltr'><strong>sit</strong></span> <span class='ocrx_word' id='word_1_28' title='bbox 636 844 759 907; x_wconf 92' lang='lat' dir='ltr'><strong>posteros</strong></span> <span class='ocrx_word' id='word_1_29' title='bbox 772 832 865 894; x_wconf 79' lang='lat' dir='ltr'><strong>omnes</strong></span> <span class='ocrx_word' id='word_1_30' title='bbox 879 840 982 909; x_wconf 92' lang='lat' dir='ltr'><strong>audire,</strong></span> <span class='ocrx_word' id='word_1_31' title='bbox 993 842 1063 913; x_wconf 90' lang='lat' dir='ltr'><strong>quod</strong></span> 
     </span>
     <span class='ocr_line' id='line_1_6' title="bbox 271 916 1063 1003; baseline 0.019 -30"><span class='ocrx_word' id='word_1_32' title='bbox 271 924 326 973; x_wconf 80' lang='lat' dir='ltr'><strong>tam</strong></span> <span class='ocrx_word' id='word_1_33' title='bbox 344 934 439 992; x_wconf 83' lang='lat' dir='ltr'><strong>magna</strong></span> <span class='ocrx_word' id='word_1_34' title='bbox 458 922 565 981; x_wconf 77' lang='lat' dir='ltr'><strong>ciuitate</strong></span> <span class='ocrx_word' id='word_1_35' title='bbox 579 940 666 996; x_wconf 68' lang='lat' dir='ltr'><strong>prens</strong></span> <span class='ocrx_word' id='word_1_36' title='bbox 680 934 708 982; x_wconf 91' lang='lat' dir='ltr'><strong>et</strong></span> <span class='ocrx_word' id='word_1_37' title='bbox 722 927 816 984; x_wconf 90' lang='lat' dir='ltr'><strong>ultioni</strong></span> <span class='ocrx_word' id='word_1_38' title='bbox 829 916 961 999; x_wconf 85' lang='lat' dir='ltr'><strong>obnoxia,</strong></span> <span class='ocrx_word' id='word_1_39' title='bbox 985 946 1063 1003; x_wconf 84' lang='lat' dir='ltr'><strong>paue-</strong></span> 
     </span>
     <span class='ocr_line' id='line_1_7' title="bbox 272 1010 1067 1093; baseline 0.025 -31"><span class='ocrx_word' id='word_1_40' title='bbox 272 1010 349 1067; x_wconf 86' lang='lat' dir='ltr'><strong>lactis</strong></span> <span class='ocrx_word' id='word_1_41' title='bbox 361 1013 503 1082; x_wconf 91' lang='lat' dir='ltr'><strong>omnibus,</strong></span> <span class='ocrx_word' id='word_1_42' title='bbox 523 1025 552 1073; x_wconf 92' lang='lat' dir='ltr'><strong>et</strong></span> <span class='ocrx_word' id='word_1_43' title='bbox 570 1016 728 1075; x_wconf 85' lang='lat' dir='ltr'><strong>borreiaetis</strong></span> <span class='ocrx_word' id='word_1_44' title='bbox 750 1020 878 1088; x_wconf 86' lang='lat' dir='ltr'><strong>ducibus,</strong></span> <span class='ocrx_word' id='word_1_45' title='bbox 893 1023 1025 1093; x_wconf 76' lang='lat' dir='ltr'><strong>prefectis</strong></span> <span class='ocrx_word' id='word_1_46' title='bbox 1039 1034 1067 1085; x_wconf 89' lang='lat' dir='ltr'><strong>et</strong></span> 
     </span>
     <span class='ocr_line' id='line_1_8' title="bbox 270 1097 1066 1184; baseline 0.025 -32"><span class='ocrx_word' id='word_1_47' title='bbox 270 1097 423 1171; x_wconf 83' lang='lat' dir='ltr'><strong>judicibus,</strong></span> <span class='ocrx_word' id='word_1_48' title='bbox 450 1119 482 1161; x_wconf 88' lang='lat' dir='ltr'><strong>ae</strong></span> <span class='ocrx_word' id='word_1_49' title='bbox 505 1121 540 1164; x_wconf 89' lang='lat' dir='ltr'><strong>ne</strong></span> <span class='ocrx_word' id='word_1_50' title='bbox 565 1124 658 1165; x_wconf 77' lang='lat' dir='ltr'><strong>vocent</strong></span> <span class='ocrx_word' id='word_1_51' title='bbox 681 1111 787 1182; x_wconf 90' lang='lat' dir='ltr'><strong>quidem</strong></span> <span class='ocrx_word' id='word_1_52' title='bbox 809 1108 987 1184; x_wconf 79' lang='lat' dir='ltr'><strong>promiseris</strong></span> <span class='ocrx_word' id='word_1_53' title='bbox 1014 1114 1066 1172; x_wconf 84' lang='lat' dir='ltr'><strong>illis</strong></span> 
     </span>
     <span class='ocr_line' id='line_1_9' title="bbox 272 1193 1067 1270; baseline 0.026 -25"><span class='ocrx_word' id='word_1_54' title='bbox 272 1193 396 1251; x_wconf 88' lang='lat' dir='ltr'><strong>emittere</strong></span> <span class='ocrx_word' id='word_1_55' title='bbox 410 1196 581 1270; x_wconf 76' lang='lat' dir='ltr'><strong>audentibus,</strong></span> <span class='ocrx_word' id='word_1_56' title='bbox 596 1218 664 1259; x_wconf 91' lang='lat' dir='ltr'><strong>unus</strong></span> <span class='ocrx_word' id='word_1_57' title='bbox 677 1204 807 1261; x_wconf 84' lang='lat' dir='ltr'><strong>accedens</strong></span> <span class='ocrx_word' id='word_1_58' title='bbox 821 1221 903 1262; x_wconf 85' lang='lat' dir='ltr'><strong>senex</strong></span> <span class='ocrx_word' id='word_1_59' title='bbox 916 1208 963 1264; x_wconf 85' lang='lat' dir='ltr'><strong>llei</strong></span> <span class='ocrx_word' id='word_1_60' title='bbox 975 1193 1067 1266; x_wconf 55' lang='lat' dir='ltr'><strong>saeerss</strong></span> 
     </span>
     <span class='ocr_line' id='line_1_10' title="bbox 273 1282 1066 1369; baseline 0.023 -32"><span class='ocrx_word' id='word_1_61' title='bbox 273 1282 377 1339; x_wconf 90' lang='lat' dir='ltr'><strong>dotium</strong></span> <span class='ocrx_word' id='word_1_62' title='bbox 391 1301 505 1359; x_wconf 87' lang='lat' dir='ltr'><strong>gerens,</strong></span> <span class='ocrx_word' id='word_1_63' title='bbox 526 1307 559 1349; x_wconf 88' lang='lat' dir='ltr'><strong>ex</strong></span> <span class='ocrx_word' id='word_1_64' title='bbox 571 1293 629 1365; x_wconf 89' lang='lat' dir='ltr'><strong>ipse</strong></span> <span class='ocrx_word' id='word_1_65' title='bbox 643 1304 750 1367; x_wconf 85' lang='lat' dir='ltr'><strong>aspectu</strong></span> <span class='ocrx_word' id='word_1_66' title='bbox 759 1296 824 1369; x_wconf 13' lang='lat' dir='ltr'><strong>*solo</strong></span> <span class='ocrx_word' id='word_1_67' title='bbox 844 1306 872 1351; x_wconf 89' lang='lat' dir='ltr'><strong>et</strong></span> <span class='ocrx_word' id='word_1_68' title='bbox 886 1299 1018 1369; x_wconf 88' lang='lat' dir='ltr'><strong>colloquio</strong></span> <span class='ocrx_word' id='word_1_69' title='bbox 1032 1299 1066 1356; x_wconf 90' lang='lat' dir='ltr'><strong>ad</strong></span> 
     </span>
     <span class='ocr_line' id='line_1_11' title="bbox 273 1380 1066 1461; baseline 0.024 -32"><span class='ocrx_word' id='word_1_70' title='bbox 273 1380 450 1435; x_wconf 84' lang='lat' dir='ltr'><strong>reuerentiam</strong></span> <span class='ocrx_word' id='word_1_71' title='bbox 484 1382 672 1453; x_wconf 75' lang='lat' dir='ltr'><strong>imperatorem</strong></span> <span class='ocrx_word' id='word_1_72' title='bbox 707 1389 790 1443; x_wconf 82' lang='lat' dir='ltr'><strong>morit</strong></span> <span class='ocrx_word' id='word_1_73' title='bbox 806 1409 813 1443; x_wconf 92' lang='lat'><strong>:</strong></span> <span class='ocrx_word' id='word_1_74' title='bbox 830 1398 857 1444; x_wconf 91' lang='lat' dir='ltr'><strong>et</strong></span> <span class='ocrx_word' id='word_1_75' title='bbox 871 1393 940 1461; x_wconf 89' lang='lat' dir='ltr'><strong>quod</strong></span> <span class='ocrx_word' id='word_1_76' title='bbox 968 1393 1066 1448; x_wconf 88' lang='lat' dir='ltr'><strong>nemini</strong></span> 
     </span>
     <span class='ocr_line' id='line_1_12' title="bbox 274 1471 1066 1555; baseline 0.024 -34"><span class='ocrx_word' id='word_1_77' title='bbox 274 1480 383 1525; x_wconf 90' lang='lat' dir='ltr'><strong>suorum</strong></span> <span class='ocrx_word' id='word_1_78' title='bbox 395 1471 561 1530; x_wconf 90' lang='lat' dir='ltr'><strong>subditorum</strong></span> <span class='ocrx_word' id='word_1_79' title='bbox 574 1478 718 1545; x_wconf 90' lang='lat' dir='ltr'><strong>concessit,</strong></span> <span class='ocrx_word' id='word_1_80' title='bbox 733 1481 777 1534; x_wconf 79' lang='lat' dir='ltr'><strong>tini</strong></span> <span class='ocrx_word' id='word_1_81' title='bbox 791 1480 841 1536; x_wconf 90' lang='lat' dir='ltr'><strong>boe</strong></span> <span class='ocrx_word' id='word_1_82' title='bbox 853 1483 909 1537; x_wconf 90' lang='lat' dir='ltr'><strong>seni</strong></span> <span class='ocrx_word' id='word_1_83' title='bbox 922 1486 1066 1555; x_wconf 90' lang='lat' dir='ltr'><strong>concessit,</strong></span> 
     </span>
     <span class='ocr_line' id='line_1_13' title="bbox 274 1558 1069 1643; baseline 0.024 -28"><span class='ocrx_word' id='word_1_84' title='bbox 274 1558 324 1616; x_wconf 85' lang='lat' dir='ltr'><strong>bet</strong></span> <span class='ocrx_word' id='word_1_85' title='bbox 348 1562 420 1633; x_wconf 86' lang='lat' dir='ltr'><strong>leges</strong></span> <span class='ocrx_word' id='word_1_86' title='bbox 439 1568 578 1622; x_wconf 85' lang='lat' dir='ltr'><strong>reveritos.</strong></span> <span class='ocrx_word' id='word_1_87' title='bbox 595 1568 699 1624; x_wconf 86' lang='lat' dir='ltr'><strong>Etenim</strong></span> <span class='ocrx_word' id='word_1_88' title='bbox 722 1572 772 1626; x_wconf 91' lang='lat' dir='ltr'><strong>boe</strong></span> <span class='ocrx_word' id='word_1_89' title='bbox 784 1588 889 1643; x_wconf 91' lang='lat' dir='ltr'><strong>quoque</strong></span> <span class='ocrx_word' id='word_1_90' title='bbox 903 1576 961 1643; x_wconf 86' lang='lat' dir='ltr'><strong>ipso</strong></span> <span class='ocrx_word' id='word_1_91' title='bbox 975 1564 1028 1632; x_wconf 82' lang='lat' dir='ltr'><strong>non</strong></span> <span class='ocrx_word' id='word_1_92' title='bbox 1043 1587 1069 1635; x_wconf 89' lang='lat' dir='ltr'><strong>tc</strong></span> 
     </span>
     <span class='ocr_line' id='line_1_14' title="bbox 276 1656 1069 1740; baseline 0.026 -34"><span class='ocrx_word' id='word_1_93' title='bbox 276 1669 378 1723; x_wconf 91' lang='lat' dir='ltr'><strong>parum,</strong></span> <span class='ocrx_word' id='word_1_94' title='bbox 395 1656 550 1727; x_wconf 79' lang='lat' dir='ltr'><strong>Imperator,</strong></span> <span class='ocrx_word' id='word_1_95' title='bbox 572 1662 665 1717; x_wconf 88' lang='lat' dir='ltr'><strong>ciuitas</strong></span> <span class='ocrx_word' id='word_1_96' title='bbox 681 1662 839 1731; x_wconf 81' lang='lat' dir='ltr'><strong>honoravit,</strong></span> <span class='ocrx_word' id='word_1_97' title='bbox 854 1668 924 1740; x_wconf 93' lang='lat' dir='ltr'><strong>quod</strong></span> <span class='ocrx_word' id='word_1_98' title='bbox 940 1685 982 1725; x_wconf 90' lang='lat' dir='ltr'><strong>me</strong></span> <span class='ocrx_word' id='word_1_99' title='bbox 994 1670 1027 1724; x_wconf 91' lang='lat' dir='ltr'><strong>ad</strong></span> <span class='ocrx_word' id='word_1_100' title='bbox 1042 1680 1069 1727; x_wconf 92' lang='lat' dir='ltr'><strong>te</strong></span> 
     </span>
     <span class='ocr_line' id='line_1_15' title="bbox 276 1744 1069 1831; baseline 0.025 -33"><span class='ocrx_word' id='word_1_101' title='bbox 276 1744 389 1815; x_wconf 85' lang='lat' dir='ltr'><strong>legatum</strong></span> <span class='ocrx_word' id='word_1_102' title='bbox 408 1750 529 1818; x_wconf 87' lang='lat' dir='ltr'><strong>miserit;</strong></span> <span class='ocrx_word' id='word_1_103' title='bbox 552 1756 712 1811; x_wconf 88' lang='lat' dir='ltr'><strong>sententiam</strong></span> <span class='ocrx_word' id='word_1_104' title='bbox 732 1757 804 1812; x_wconf 89' lang='lat' dir='ltr'><strong>euim</strong></span> <span class='ocrx_word' id='word_1_105' title='bbox 817 1759 851 1814; x_wconf 92' lang='lat' dir='ltr'><strong>de</strong></span> <span class='ocrx_word' id='word_1_106' title='bbox 862 1769 887 1814; x_wconf 91' lang='lat' dir='ltr'><strong>te</strong></span> <span class='ocrx_word' id='word_1_107' title='bbox 901 1763 1026 1831; x_wconf 84' lang='lat' dir='ltr'><strong>optimam</strong></span> <span class='ocrx_word' id='word_1_108' title='bbox 1041 1770 1069 1818; x_wconf 89' lang='lat' dir='ltr'><strong>et</strong></span> 
     </span>
     <span class='ocr_line' id='line_1_16' title="bbox 276 1836 1068 1924; baseline 0.024 -35"><span class='ocrx_word' id='word_1_109' title='bbox 276 1836 482 1905; x_wconf 82' lang='lat' dir='ltr'><strong>pulcherrimam</strong></span> <span class='ocrx_word' id='word_1_110' title='bbox 508 1845 697 1913; x_wconf 90' lang='lat' dir='ltr'><strong>protulerunt,</strong></span> <span class='ocrx_word' id='word_1_111' title='bbox 721 1850 793 1919; x_wconf 92' lang='lat' dir='ltr'><strong>quod</strong></span> <span class='ocrx_word' id='word_1_112' title='bbox 819 1854 891 1906; x_wconf 80' lang='lat' dir='ltr'><strong>omiti</strong></span> <span class='ocrx_word' id='word_1_113' title='bbox 912 1852 1068 1924; x_wconf 89' lang='lat' dir='ltr'><strong>principatui</strong></span> 
     </span>
     <span class='ocr_line' id='line_1_17' title="bbox 276 1926 1069 2011; baseline 0.028 -32"><span class='ocrx_word' id='word_1_114' title='bbox 276 1926 322 1981; x_wconf 90' lang='lat' dir='ltr'><strong>tibi</strong></span> <span class='ocrx_word' id='word_1_115' title='bbox 337 1929 457 1999; x_wconf 87' lang='lat' dir='ltr'><strong>subjecto</strong></span> <span class='ocrx_word' id='word_1_116' title='bbox 472 1931 519 1989; x_wconf 85' lang='lat' dir='ltr'><strong>ilci</strong></span> <span class='ocrx_word' id='word_1_117' title='bbox 532 1936 686 1993; x_wconf 84' lang='lat' dir='ltr'><strong>sacerdotes</strong></span> <span class='ocrx_word' id='word_1_118' title='bbox 695 1950 853 2011; x_wconf 85' lang='lat' dir='ltr'><strong>anteponas,</strong></span> <span class='ocrx_word' id='word_1_119' title='bbox 865 1945 917 1998; x_wconf 90' lang='lat' dir='ltr'><strong>etsi</strong></span> <span class='ocrx_word' id='word_1_120' title='bbox 932 1946 997 2001; x_wconf 83' lang='lat' dir='ltr'><strong>tiles</strong></span> <span class='ocrx_word' id='word_1_121' title='bbox 1009 1960 1069 2001; x_wconf 86' lang='lat' dir='ltr'><strong>esse</strong></span> 
     </span>
     <span class='ocr_line' id='line_1_18' title="bbox 275 2022 1067 2103; baseline 0.023 -32"><span class='ocrx_word' id='word_1_122' title='bbox 275 2022 420 2091; x_wconf 90' lang='lat' dir='ltr'><strong>contingat.</strong></span> <span class='ocrx_word' id='word_1_123' title='bbox 440 2022 499 2080; x_wconf 89' lang='lat' dir='ltr'><strong>Non</strong></span> <span class='ocrx_word' id='word_1_124' title='bbox 525 2025 637 2083; x_wconf 89' lang='lat' dir='ltr'><strong>abillis</strong></span> <span class='ocrx_word' id='word_1_125' title='bbox 662 2022 727 2086; x_wconf 87' lang='lat' dir='ltr'><strong>vero</strong></span> <span class='ocrx_word' id='word_1_126' title='bbox 750 2040 852 2087; x_wconf 89' lang='lat' dir='ltr'><strong>tantum</strong></span> <span class='ocrx_word' id='word_1_127' title='bbox 878 2050 948 2090; x_wconf 80' lang='lat' dir='ltr'><strong>truite</strong></span> <span class='ocrx_word' id='word_1_128' title='bbox 972 2037 1067 2103; x_wconf 85' lang='lat' dir='ltr'><strong>uenio,</strong></span> 
     </span>
     <span class='ocr_line' id='line_1_19' title="bbox 276 2116 1070 2195; baseline 0.026 -33"><span class='ocrx_word' id='word_1_129' title='bbox 276 2124 368 2165; x_wconf 87' lang='lat' dir='ltr'><strong>vcrttm</strong></span> <span class='ocrx_word' id='word_1_130' title='bbox 385 2122 412 2167; x_wconf 91' lang='lat' dir='ltr'><strong>et</strong></span> <span class='ocrx_word' id='word_1_131' title='bbox 432 2124 494 2187; x_wconf 81' lang='lat' dir='ltr'><strong>atate</strong></span> <span class='ocrx_word' id='word_1_132' title='bbox 515 2116 576 2173; x_wconf 90' lang='lat' dir='ltr'><strong>illos</strong></span> <span class='ocrx_word' id='word_1_133' title='bbox 589 2133 604 2172; x_wconf 85' lang='lat' dir='ltr'><strong>a</strong></span> <span class='ocrx_word' id='word_1_134' title='bbox 619 2123 754 2177; x_wconf 90' lang='lat' dir='ltr'><strong>communi</strong></span> <span class='ocrx_word' id='word_1_135' title='bbox 777 2124 932 2195; x_wconf 87' lang='lat' dir='ltr'><strong>angelorum</strong></span> <span class='ocrx_word' id='word_1_136' title='bbox 957 2128 1070 2185; x_wconf 83' lang='lat' dir='ltr'><strong>lionaino</strong></span> 
     </span>
     <span class='ocr_line' id='line_1_20' title="bbox 277 2201 1070 2288; baseline 0.029 -35"><span class='ocrx_word' id='word_1_137' title='bbox 277 2201 375 2257; x_wconf 90' lang='lat' dir='ltr'><strong>missus</strong></span> <span class='ocrx_word' id='word_1_138' title='bbox 386 2219 457 2272; x_wconf 91' lang='lat' dir='ltr'><strong>sum,</strong></span> <span class='ocrx_word' id='word_1_139' title='bbox 468 2214 497 2261; x_wconf 93' lang='lat' dir='ltr'><strong>ut</strong></span> <span class='ocrx_word' id='word_1_140' title='bbox 508 2207 565 2264; x_wconf 83' lang='lat' dir='ltr'><strong>lucc</strong></span> <span class='ocrx_word' id='word_1_141' title='bbox 574 2208 659 2264; x_wconf 80' lang='lat' dir='ltr'><strong>dicant</strong></span> <span class='ocrx_word' id='word_1_142' title='bbox 673 2212 820 2269; x_wconf 71' lang='lat' dir='ltr'><strong>mitissimae</strong></span> <span class='ocrx_word' id='word_1_143' title='bbox 830 2229 862 2270; x_wconf 89' lang='lat' dir='ltr'><strong>ae</strong></span> <span class='ocrx_word' id='word_1_144' title='bbox 872 2215 1070 2288; x_wconf 77' lang='lat' dir='ltr'><strong>benignissime</strong></span> 
     </span>
     <span class='ocr_line' id='line_1_21' title="bbox 278 2294 1068 2377; baseline 0.029 -32"><span class='ocrx_word' id='word_1_145' title='bbox 278 2294 374 2349; x_wconf 75' lang='lat' dir='ltr'><strong>animae</strong></span> <span class='ocrx_word' id='word_1_146' title='bbox 385 2306 437 2352; x_wconf 78' lang='lat' dir='ltr'><strong>tuae</strong></span> <span class='ocrx_word' id='word_1_147' title='bbox 446 2316 453 2353; x_wconf 90' lang='lat'><em>:</em></span> <span class='ocrx_word' id='word_1_148' title='bbox 463 2298 538 2368; x_wconf 82' lang='lat' dir='ltr'><strong>Quod</strong></span> <span class='ocrx_word' id='word_1_149' title='bbox 549 2302 572 2357; x_wconf 90' lang='lat' dir='ltr'><strong>si</strong></span> <span class='ocrx_word' id='word_1_150' title='bbox 586 2300 866 2377; x_wconf 88' lang='lat' dir='ltr'><strong>hominibusipsorum</strong></span> <span class='ocrx_word' id='word_1_151' title='bbox 881 2310 968 2366; x_wconf 90' lang='lat' dir='ltr'><strong>debita</strong></span> <span class='ocrx_word' id='word_1_152' title='bbox 977 2312 1068 2368; x_wconf 82' lang='lat' dir='ltr'><strong>diutit·</strong></span> 
     </span>
     <span class='ocr_line' id='line_1_22' title="bbox 270 2388 1068 2476; baseline 0.024 -37"><span class='ocrx_word' id='word_1_153' title='bbox 270 2388 359 2454; x_wconf 68' lang='lat' dir='ltr'><strong>‘tatis,</strong></span> <span class='ocrx_word' id='word_1_154' title='bbox 382 2398 408 2443; x_wconf 91' lang='lat' dir='ltr'><strong>et</strong></span> <span class='ocrx_word' id='word_1_155' title='bbox 423 2388 503 2446; x_wconf 84' lang='lat' dir='ltr'><strong>Pater</strong></span> <span class='ocrx_word' id='word_1_156' title='bbox 517 2394 631 2449; x_wconf 86' lang='lat' dir='ltr'><strong>emlestis</strong></span> <span class='ocrx_word' id='word_1_157' title='bbox 642 2396 730 2468; x_wconf 86' lang='lat' dir='ltr'><strong>lapsus</strong></span> <span class='ocrx_word' id='word_1_158' title='bbox 743 2398 819 2455; x_wconf 84' lang='lat' dir='ltr'><strong>robis</strong></span> <span class='ocrx_word' id='word_1_159' title='bbox 832 2400 948 2458; x_wconf 91' lang='lat' dir='ltr'><strong>dimittet</strong></span> <span class='ocrx_word' id='word_1_160' title='bbox 962 2404 1068 2476; x_wconf 75' lang='lat' dir='ltr'><strong>(liutein</strong></span> 
     </span>
     <span class='ocr_line' id='line_1_23' title="bbox 277 2477 1070 2564; baseline 0.025 -32"><span class='ocrx_word' id='word_1_161' title='bbox 277 2477 302 2532; x_wconf 84' lang='lat' dir='ltr'><strong>d.</strong></span> <span class='ocrx_word' id='word_1_162' title='bbox 328 2478 384 2546; x_wconf 85' lang='lat' dir='ltr'><strong>ll).</strong></span> <span class='ocrx_word' id='word_1_163' title='bbox 407 2480 557 2541; x_wconf 83' lang='lat' dir='ltr'><strong>Recordare</strong></span> <span class='ocrx_word' id='word_1_164' title='bbox 572 2486 652 2557; x_wconf 88' lang='lat' dir='ltr'><strong>igitur</strong></span> <span class='ocrx_word' id='word_1_165' title='bbox 675 2488 745 2545; x_wconf 90' lang='lat' dir='ltr'><strong>illius</strong></span> <span class='ocrx_word' id='word_1_166' title='bbox 766 2490 835 2559; x_wconf 89' lang='lat' dir='ltr'><strong>diei,</strong></span> <span class='ocrx_word' id='word_1_167' title='bbox 857 2508 910 2564; x_wconf 95' lang='lat' dir='ltr'><strong>quo</strong></span> <span class='ocrx_word' id='word_1_168' title='bbox 928 2510 1022 2552; x_wconf 86' lang='lat' dir='ltr'><strong>ornnes</strong></span> <span class='ocrx_word' id='word_1_169' title='bbox 1036 2496 1070 2552; x_wconf 92' lang='lat' dir='ltr'><strong>de</strong></span> 
     </span>
     <span class='ocr_line' id='line_1_24' title="bbox 277 2571 1069 2658; baseline 0.027 -36"><span class='ocrx_word' id='word_1_170' title='bbox 277 2571 344 2625; x_wconf 87' lang='lat' dir='ltr'><strong>actis</strong></span> <span class='ocrx_word' id='word_1_171' title='bbox 355 2574 486 2630; x_wconf 90' lang='lat' dir='ltr'><strong>rationem</strong></span> <span class='ocrx_word' id='word_1_172' title='bbox 502 2576 665 2635; x_wconf 84' lang='lat' dir='ltr'><strong>reddemns&#39;:</strong></span> <span class='ocrx_word' id='word_1_173' title='bbox 677 2582 762 2651; x_wconf 87' lang='lat' dir='ltr'><strong>cogita</strong></span> <span class='ocrx_word' id='word_1_174' title='bbox 782 2584 852 2653; x_wconf 90' lang='lat' dir='ltr'><strong>quod</strong></span> <span class='ocrx_word' id='word_1_175' title='bbox 876 2575 992 2641; x_wconf 79' lang='lat' dir='ltr'><strong>etiamsi</strong></span> <span class='ocrx_word' id='word_1_176' title='bbox 1007 2588 1069 2658; x_wconf 90' lang='lat' dir='ltr'><strong>quid</strong></span> 
     </span>
     <span class='ocr_line' id='line_1_25' title="bbox 278 2657 1070 2744; baseline 0.028 -32"><span class='ocrx_word' id='word_1_177' title='bbox 278 2657 305 2712; x_wconf 87' lang='lat' dir='ltr'><strong>ln</strong></span> <span class='ocrx_word' id='word_1_178' title='bbox 321 2669 348 2715; x_wconf 90' lang='lat' dir='ltr'><strong>te</strong></span> <span class='ocrx_word' id='word_1_179' title='bbox 360 2674 500 2731; x_wconf 86' lang='lat' dir='ltr'><strong>peecatum</strong></span> <span class='ocrx_word' id='word_1_180' title='bbox 514 2675 575 2731; x_wconf 90' lang='lat' dir='ltr'><strong>est,</strong></span> <span class='ocrx_word' id='word_1_181' title='bbox 604 2685 698 2725; x_wconf 92' lang='lat' dir='ltr'><strong>otunes</strong></span> <span class='ocrx_word' id='word_1_182' title='bbox 714 2672 823 2728; x_wconf 92' lang='lat' dir='ltr'><strong>abluere</strong></span> <span class='ocrx_word' id='word_1_183' title='bbox 838 2670 1070 2744; x_wconf 74' lang='lat' dir='ltr'><strong>praevaricationes</strong></span> 
     </span>
    </p>

    <p class='ocr_par' dir='ltr' id='par_1_2' title="bbox 251 2752 1071 3754">
     <span class='ocr_line' id='line_1_26' title="bbox 251 2752 1071 2842; baseline 0.03 -39"><span class='ocrx_word' id='word_1_184' title='bbox 251 2758 327 2819; x_wconf 70' lang='lat' dir='ltr'><strong>‘&#39;per</strong></span> <span class='ocrx_word' id='word_1_185' title='bbox 346 2752 476 2823; x_wconf 75' lang='lat' dir='ltr'><strong>iudicium</strong></span> <span class='ocrx_word' id='word_1_186' title='bbox 502 2767 530 2812; x_wconf 90' lang='lat' dir='ltr'><strong>et</strong></span> <span class='ocrx_word' id='word_1_187' title='bbox 552 2762 713 2817; x_wconf 88' lang='lat' dir='ltr'><strong>sententiam</strong></span> <span class='ocrx_word' id='word_1_188' title='bbox 737 2765 815 2819; x_wconf 87' lang='lat' dir='ltr'><strong>istam</strong></span> <span class='ocrx_word' id='word_1_189' title='bbox 843 2770 943 2837; x_wconf 90' lang='lat' dir='ltr'><strong>poteris</strong></span> <span class='ocrx_word' id='word_1_190' title='bbox 969 2759 1071 2842; x_wconf 87' lang='lat' dir='ltr'><strong>absquo</strong></span> 
     </span>
     <span class='ocr_line' id='line_1_27' title="bbox 278 2841 1069 2937; baseline 0.029 -43"><span class='ocrx_word' id='word_1_191' title='bbox 278 2841 426 2911; x_wconf 87' lang='lat' dir='ltr'><strong>laboribus,</strong></span> <span class='ocrx_word' id='word_1_192' title='bbox 439 2845 539 2919; x_wconf 82' lang='lat' dir='ltr'><strong>absque</strong></span> <span class='ocrx_word' id='word_1_193' title='bbox 549 2849 701 2908; x_wconf 86' lang='lat' dir='ltr'><strong>sudoribus.</strong></span> <span class='ocrx_word' id='word_1_194' title='bbox 712 2854 763 2911; x_wconf 85' lang='lat' dir='ltr'><strong>dlii</strong></span> <span class='ocrx_word' id='word_1_195' title='bbox 775 2872 872 2927; x_wconf 89' lang='lat' dir='ltr'><strong>nempe</strong></span> <span class='ocrx_word' id='word_1_196' title='bbox 882 2860 962 2937; x_wconf 84' lang='lat' dir='ltr'><strong>legati</strong></span> <span class='ocrx_word' id='word_1_197' title='bbox 974 2878 1069 2917; x_wconf 86' lang='lat' dir='ltr'><strong>aurunt</strong></span> 
     </span>
     <span class='ocr_line' id='line_1_28' title="bbox 277 2941 1071 3022; baseline 0.026 -34"><span class='ocrx_word' id='word_1_198' title='bbox 277 2944 304 2988; x_wconf 93' lang='lat' dir='ltr'><strong>et</strong></span> <span class='ocrx_word' id='word_1_199' title='bbox 316 2948 454 3007; x_wconf 83' lang='lat' dir='ltr'><strong>argentum</strong></span> <span class='ocrx_word' id='word_1_200' title='bbox 467 2948 493 2994; x_wconf 92' lang='lat' dir='ltr'><strong>et</strong></span> <span class='ocrx_word' id='word_1_201' title='bbox 506 2941 558 2995; x_wconf 91' lang='lat' dir='ltr'><strong>alia</strong></span> <span class='ocrx_word' id='word_1_202' title='bbox 570 2942 722 3013; x_wconf 74' lang='lat' dir='ltr'><strong>huiusmodi</strong></span> <span class='ocrx_word' id='word_1_203' title='bbox 737 2946 805 3001; x_wconf 92' lang='lat' dir='ltr'><strong>dona</strong></span> <span class='ocrx_word' id='word_1_204' title='bbox 820 2948 928 3016; x_wconf 87' lang='lat' dir='ltr'><strong>ierunt;</strong></span> <span class='ocrx_word' id='word_1_205' title='bbox 945 2966 994 3022; x_wconf 89' lang='lat' dir='ltr'><strong>ego</strong></span> <span class='ocrx_word' id='word_1_206' title='bbox 1006 2970 1071 3008; x_wconf 88' lang='lat' dir='ltr'><strong>vero</strong></span> 
     </span>
     <span class='ocr_line' id='line_1_29' title="bbox 278 3029 1070 3114; baseline 0.029 -37"><span class='ocrx_word' id='word_1_207' title='bbox 278 3042 338 3079; x_wconf 84' lang='lat' dir='ltr'><strong>euru</strong></span> <span class='ocrx_word' id='word_1_208' title='bbox 359 3029 444 3083; x_wconf 87' lang='lat' dir='ltr'><strong>saeris</strong></span> <span class='ocrx_word' id='word_1_209' title='bbox 456 3030 489 3085; x_wconf 89' lang='lat' dir='ltr'><strong>ad</strong></span> <span class='ocrx_word' id='word_1_210' title='bbox 505 3031 644 3102; x_wconf 87' lang='lat' dir='ltr'><strong>imperium</strong></span> <span class='ocrx_word' id='word_1_211' title='bbox 667 3045 740 3092; x_wconf 92' lang='lat' dir='ltr'><strong>tuum</strong></span> <span class='ocrx_word' id='word_1_212' title='bbox 763 3040 864 3110; x_wconf 88' lang='lat' dir='ltr'><strong>legibus</strong></span> <span class='ocrx_word' id='word_1_213' title='bbox 881 3044 957 3107; x_wconf 86' lang='lat' dir='ltr'><strong>ueni,</strong></span> <span class='ocrx_word' id='word_1_214' title='bbox 972 3039 1001 3098; x_wconf 71' lang='lat' dir='ltr'><strong>&#39;et</strong></span> <span class='ocrx_word' id='word_1_215' title='bbox 1021 3060 1070 3114; x_wconf 88' lang='lat' dir='ltr'><strong>pro</strong></span> 
     </span>
     <span class='ocr_line' id='line_1_30' title="bbox 278 3116 1070 3195; baseline 0.027 -26"><span class='ocrx_word' id='word_1_216' title='bbox 278 3116 356 3171; x_wconf 87' lang='lat' dir='ltr'><strong>donis</strong></span> <span class='ocrx_word' id='word_1_217' title='bbox 369 3122 493 3177; x_wconf 89' lang='lat' dir='ltr'><strong>omnibus</strong></span> <span class='ocrx_word' id='word_1_218' title='bbox 507 3122 555 3178; x_wconf 89' lang='lat' dir='ltr'><strong>bas</strong></span> <span class='ocrx_word' id='word_1_219' title='bbox 569 3127 727 3195; x_wconf 83' lang='lat' dir='ltr'><strong>praetendo,</strong></span> <span class='ocrx_word' id='word_1_220' title='bbox 752 3141 778 3185; x_wconf 91' lang='lat' dir='ltr'><strong>et</strong></span> <span class='ocrx_word' id='word_1_221' title='bbox 799 3140 824 3185; x_wconf 94' lang='lat' dir='ltr'><strong>te</strong></span> <span class='ocrx_word' id='word_1_222' title='bbox 839 3131 979 3188; x_wconf 78' lang='lat' dir='ltr'><strong>danninum</strong></span> <span class='ocrx_word' id='word_1_223' title='bbox 996 3144 1070 3191; x_wconf 88' lang='lat' dir='ltr'><strong>tuum</strong></span> 
     </span>
     <span class='ocr_line' id='line_1_31' title="bbox 278 3210 1070 3289; baseline 0.027 -27"><span class='ocrx_word' id='word_1_224' title='bbox 278 3210 376 3265; x_wconf 86' lang='lat' dir='ltr'><strong>imitari</strong></span> <span class='ocrx_word' id='word_1_225' title='bbox 390 3214 530 3283; x_wconf 89' lang='lat' dir='ltr'><strong>supplico,</strong></span> <span class='ocrx_word' id='word_1_226' title='bbox 553 3219 598 3288; x_wconf 88' lang='lat' dir='ltr'><strong>qui</strong></span> <span class='ocrx_word' id='word_1_227' title='bbox 618 3220 739 3289; x_wconf 91' lang='lat' dir='ltr'><strong>quotidie</strong></span> <span class='ocrx_word' id='word_1_228' title='bbox 758 3239 773 3277; x_wconf 93' lang='lat' dir='ltr'><strong>a</strong></span> <span class='ocrx_word' id='word_1_229' title='bbox 790 3224 869 3279; x_wconf 90' lang='lat' dir='ltr'><strong>nobis</strong></span> <span class='ocrx_word' id='word_1_230' title='bbox 880 3219 1070 3283; x_wconf 80' lang='lat' dir='ltr'><strong>coruumcliam</strong></span> 
     </span>
     <span class='ocr_line' id='line_1_32' title="bbox 278 3301 1071 3373; baseline 0.025 -20"><span class='ocrx_word' id='word_1_231' title='bbox 278 3301 383 3371; x_wconf 88' lang='lat' dir='ltr'><strong>patiens</strong></span> <span class='ocrx_word' id='word_1_232' title='bbox 396 3318 448 3359; x_wconf 80' lang='lat' dir='ltr'><strong>aton</strong></span> <span class='ocrx_word' id='word_1_233' title='bbox 461 3315 548 3362; x_wconf 88' lang='lat' dir='ltr'><strong>cessat</strong></span> <span class='ocrx_word' id='word_1_234' title='bbox 565 3309 632 3362; x_wconf 89' lang='lat' dir='ltr'><strong>bona</strong></span> <span class='ocrx_word' id='word_1_235' title='bbox 646 3324 693 3365; x_wconf 88' lang='lat' dir='ltr'><strong>sua</strong></span> <span class='ocrx_word' id='word_1_236' title='bbox 715 3314 838 3367; x_wconf 90' lang='lat' dir='ltr'><strong>omnibus</strong></span> <span class='ocrx_word' id='word_1_237' title='bbox 849 3311 1020 3373; x_wconf 85' lang='lat' dir='ltr'><strong>ministrare.</strong></span> <span class='ocrx_word' id='word_1_238' title='bbox 1036 3318 1071 3372; x_wconf 80' lang='lat' dir='ltr'><strong>ttr</strong></span> 
     </span>
     <span class='ocr_line' id='line_1_33' title="bbox 265 3394 1071 3477; baseline 0.026 -31"><span class='ocrx_word' id='word_1_239' title='bbox 265 3408 313 3448; x_wconf 72' lang='lat' dir='ltr'><strong>-nc</strong></span> <span class='ocrx_word' id='word_1_240' title='bbox 324 3394 473 3453; x_wconf 73' lang='lat' dir='ltr'><strong>confundas</strong></span> <span class='ocrx_word' id='word_1_241' title='bbox 483 3397 557 3470; x_wconf 88' lang='lat' dir='ltr'><strong>spem</strong></span> <span class='ocrx_word' id='word_1_242' title='bbox 570 3414 700 3469; x_wconf 89' lang='lat' dir='ltr'><strong>nostram,</strong></span> <span class='ocrx_word' id='word_1_243' title='bbox 713 3422 762 3461; x_wconf 89' lang='lat' dir='ltr'><strong>nec</strong></span> <span class='ocrx_word' id='word_1_244' title='bbox 775 3410 967 3477; x_wconf 84' lang='lat' dir='ltr'><strong>promissiones</strong></span> <span class='ocrx_word' id='word_1_245' title='bbox 981 3411 1071 3467; x_wconf 86' lang='lat' dir='ltr'><strong>irritas</strong></span> 
     </span>
     <span class='ocr_line' id='line_1_34' title="bbox 280 3485 1069 3572; baseline 0.024 -33"><span class='ocrx_word' id='word_1_246' title='bbox 280 3485 484 3546; x_wconf 77' lang='lat' dir='ltr'><strong>laciaszetenim</strong></span> <span class='ocrx_word' id='word_1_247' title='bbox 498 3493 589 3549; x_wconf 88' lang='lat' dir='ltr'><strong>et&#39;boc</strong></span> <span class='ocrx_word' id='word_1_248' title='bbox 604 3511 663 3550; x_wconf 89' lang='lat' dir='ltr'><strong>cum</strong></span> <span class='ocrx_word' id='word_1_249' title='bbox 679 3498 738 3551; x_wconf 86' lang='lat' dir='ltr'><strong>aliis</strong></span> <span class='ocrx_word' id='word_1_250' title='bbox 751 3508 777 3553; x_wconf 91' lang='lat' dir='ltr'><strong>te</strong></span> <span class='ocrx_word' id='word_1_251' title='bbox 791 3501 860 3554; x_wconf 91' lang='lat' dir='ltr'><strong>seire</strong></span> <span class='ocrx_word' id='word_1_252' title='bbox 871 3504 945 3567; x_wconf 86' lang='lat' dir='ltr'><strong>uolo,</strong></span> <span class='ocrx_word' id='word_1_253' title='bbox 962 3504 1032 3572; x_wconf 94' lang='lat' dir='ltr'><strong>quod</strong></span> <span class='ocrx_word' id='word_1_254' title='bbox 1048 3508 1069 3559; x_wconf 92' lang='lat' dir='ltr'><strong>si</strong></span> 
     </span>
     <span class='ocr_line' id='line_1_35' title="bbox 280 3563 1069 3658; baseline 0.022 -28"><span class='ocrx_word' id='word_1_255' title='bbox 280 3563 447 3635; x_wconf 84' lang='lat' dir='ltr'><strong>reconciliari</strong></span> <span class='ocrx_word' id='word_1_256' title='bbox 461 3584 529 3638; x_wconf 79' lang='lat' dir='ltr'><strong>vulis</strong></span> <span class='ocrx_word' id='word_1_257' title='bbox 543 3596 568 3638; x_wconf 86' lang='lat' dir='ltr'><strong>et</strong></span> <span class='ocrx_word' id='word_1_258' title='bbox 581 3577 720 3658; x_wconf 84' lang='lat' dir='ltr'><strong>pristinam</strong></span> <span class='ocrx_word' id='word_1_259' title='bbox 741 3591 840 3644; x_wconf 88' lang='lat' dir='ltr'><strong>civitati</strong></span> <span class='ocrx_word' id='word_1_260' title='bbox 858 3591 1069 3648; x_wconf 77' lang='lat' dir='ltr'><strong>benevdentiam</strong></span> 
     </span>
     <span class='ocr_line' id='line_1_36' title="bbox 278 3654 1070 3754; baseline 0.023 -31"><span class='ocrx_word' id='word_1_261' title='bbox 278 3654 493 3741; x_wconf 82' lang='lat' dir='ltr'><strong>communicare,</strong></span> <span class='ocrx_word' id='word_1_262' title='bbox 509 3687 536 3731; x_wconf 92' lang='lat' dir='ltr'><strong>et</strong></span> <span class='ocrx_word' id='word_1_263' title='bbox 550 3676 620 3733; x_wconf 73' lang='lat' dir='ltr'><strong>barne</strong></span> <span class='ocrx_word' id='word_1_264' title='bbox 640 3677 775 3735; x_wconf 81' lang='lat' dir='ltr'><strong>remittere</strong></span> <span class='ocrx_word' id='word_1_265' title='bbox 792 3681 890 3751; x_wconf 68' lang='lat' dir='ltr'><strong>iustam</strong></span> <span class='ocrx_word' id='word_1_266' title='bbox 913 3685 1070 3754; x_wconf 84' lang='lat' dir='ltr'><strong>indignatio·</strong></span> 
     </span>
    </p>
   </div>
   <div class='ocr_carea' id='block_1_2' title="bbox 279 3760 1080 3839">
    <p class='ocr_par' dir='ltr' id='par_1_3' title="bbox 279 3760 1080 3839">
     <span class='ocr_line' id='line_1_37' title="bbox 279 3760 1080 3839; baseline 0.022 -24"><span class='ocrx_word' id='word_1_267' title='bbox 279 3776 351 3827; x_wconf 88' lang='lat' dir='ltr'><strong>nent,</strong></span> <span class='ocrx_word' id='word_1_268' title='bbox 366 3760 426 3819; x_wconf 83' lang='lat' dir='ltr'><strong>curn</strong></span> <span class='ocrx_word' id='word_1_269' title='bbox 443 3768 525 3821; x_wconf 88' lang='lat' dir='ltr'><strong>multa</strong></span> <span class='ocrx_word' id='word_1_270' title='bbox 539 3779 659 3825; x_wconf 86' lang='lat' dir='ltr'><strong>reuertar</strong></span> <span class='ocrx_word' id='word_1_271' title='bbox 672 3769 782 3839; x_wconf 82' lang='lat' dir='ltr'><strong>bdtreia;</strong></span> <span class='ocrx_word' id='word_1_272' title='bbox 798 3776 820 3829; x_wconf 90' lang='lat' dir='ltr'><strong>si</strong></span> <span class='ocrx_word' id='word_1_273' title='bbox 835 3790 899 3831; x_wconf 86' lang='lat' dir='ltr'><strong>uero</strong></span> <span class='ocrx_word' id='word_1_274' title='bbox 919 3779 1080 3833; x_wconf 86' lang='lat' dir='ltr'><strong>mentetua</strong></span> 
     </span>
    </p>
   </div>
   <div class='ocr_carea' id='block_1_3' title="bbox 264 3853 1071 4110">
    <p class='ocr_par' dir='ltr' id='par_1_4' title="bbox 264 3853 1071 4110">
     <span class='ocr_line' id='line_1_38' title="bbox 278 3853 1070 3939; baseline 0.021 -31"><span class='ocrx_word' id='word_1_275' title='bbox 278 3853 412 3911; x_wconf 84' lang='lat' dir='ltr'><strong>ciuitatem</strong></span> <span class='ocrx_word' id='word_1_276' title='bbox 427 3861 590 3928; x_wconf 89' lang='lat' dir='ltr'><strong>asperneris,</strong></span> <span class='ocrx_word' id='word_1_277' title='bbox 600 3859 653 3917; x_wconf 86' lang='lat' dir='ltr'><strong>non</strong></span> <span class='ocrx_word' id='word_1_278' title='bbox 666 3872 768 3919; x_wconf 91' lang='lat' dir='ltr'><strong>tantum</strong></span> <span class='ocrx_word' id='word_1_279' title='bbox 780 3867 863 3937; x_wconf 79' lang='lat' dir='ltr'><strong>ipsam</strong></span> <span class='ocrx_word' id='word_1_280' title='bbox 876 3883 927 3923; x_wconf 93' lang='lat' dir='ltr'><strong>non</strong></span> <span class='ocrx_word' id='word_1_281' title='bbox 938 3866 1070 3939; x_wconf 83' lang='lat' dir='ltr'><strong>repetam,</strong></span> 
     </span>
     <span class='ocr_line' id='line_1_39' title="bbox 278 3946 1071 4033; baseline 0.021 -33"><span class='ocrx_word' id='word_1_282' title='bbox 278 3962 328 4003; x_wconf 88' lang='lat' dir='ltr'><strong>nec</strong></span> <span class='ocrx_word' id='word_1_283' title='bbox 342 3950 426 4019; x_wconf 82' lang='lat' dir='ltr'><strong>ipsius</strong></span> <span class='ocrx_word' id='word_1_284' title='bbox 439 3952 525 4007; x_wconf 90' lang='lat' dir='ltr'><strong>solum</strong></span> <span class='ocrx_word' id='word_1_285' title='bbox 542 3954 648 4022; x_wconf 87' lang='lat' dir='ltr'><strong>uidebo,</strong></span> <span class='ocrx_word' id='word_1_286' title='bbox 663 3946 755 4012; x_wconf 87' lang='lat' dir='ltr'><strong>uerum</strong></span> <span class='ocrx_word' id='word_1_287' title='bbox 770 3970 797 4014; x_wconf 90' lang='lat' dir='ltr'><strong>et</strong></span> <span class='ocrx_word' id='word_1_288' title='bbox 811 3961 837 4014; x_wconf 88' lang='lat' dir='ltr'><strong>in</strong></span> <span class='ocrx_word' id='word_1_289' title='bbox 851 3961 980 4033; x_wconf 88' lang='lat' dir='ltr'><strong>reliquum</strong></span> <span class='ocrx_word' id='word_1_290' title='bbox 995 3976 1071 4031; x_wconf 89' lang='lat' dir='ltr'><strong>pror-</strong></span> 
     </span>
     <span class='ocr_line' id='line_1_40' title="bbox 264 4043 1068 4110; baseline 0.02 -19"><span class='ocrx_word' id='word_1_291' title='bbox 264 4048 323 4093; x_wconf 81' lang='lat' dir='ltr'><strong>·sus</strong></span> <span class='ocrx_word' id='word_1_292' title='bbox 345 4043 463 4110; x_wconf 87' lang='lat' dir='ltr'><strong>negabo,</strong></span> <span class='ocrx_word' id='word_1_293' title='bbox 486 4054 515 4100; x_wconf 89' lang='lat' dir='ltr'><strong>et</strong></span> <span class='ocrx_word' id='word_1_294' title='bbox 535 4046 561 4099; x_wconf 91' lang='lat' dir='ltr'><strong>in</strong></span> <span class='ocrx_word' id='word_1_295' title='bbox 583 4046 662 4101; x_wconf 88' lang='lat' dir='ltr'><strong>aliam</strong></span> <span class='ocrx_word' id='word_1_296' title='bbox 678 4064 721 4102; x_wconf 90' lang='lat' dir='ltr'><strong>me</strong></span> <span class='ocrx_word' id='word_1_297' title='bbox 742 4050 875 4105; x_wconf 80' lang='lat' dir='ltr'><strong>civitatem</strong></span> <span class='ocrx_word' id='word_1_298' title='bbox 890 4052 1068 4107; x_wconf 88' lang='lat' dir='ltr'><strong>conscribam.</strong></span> 
     </span>
    </p>
   </div>
   <div class='ocr_carea' id='block_1_4' title="bbox 180 4127 1068 4212">
    <p class='ocr_par' dir='ltr' id='par_1_5' title="bbox 180 4127 1068 4212">
     <span class='ocr_line' id='line_1_41' title="bbox 180 4127 1068 4212; baseline 0.021 -33"><span class='ocrx_word' id='word_1_299' title='bbox 180 4183 182 4186; x_wconf 69' lang='grc'><strong>,</strong></span> <span class='ocrx_word' id='word_1_300' title='bbox 276 4127 319 4182; x_wconf 79' lang='lat' dir='ltr'><strong>Nc</strong></span> <span class='ocrx_word' id='word_1_301' title='bbox 330 4131 393 4183; x_wconf 91' lang='lat' dir='ltr'><strong>mibi</strong></span> <span class='ocrx_word' id='word_1_302' title='bbox 415 4148 528 4202; x_wconf 90' lang='lat' dir='ltr'><strong>namque</strong></span> <span class='ocrx_word' id='word_1_303' title='bbox 548 4137 650 4192; x_wconf 85' lang='lat' dir='ltr'><strong>occidat</strong></span> <span class='ocrx_word' id='word_1_304' title='bbox 672 4140 698 4193; x_wconf 93' lang='lat' dir='ltr'><strong>in</strong></span> <span class='ocrx_word' id='word_1_305' title='bbox 718 4140 789 4194; x_wconf 92' lang='lat' dir='ltr'><strong>illam</strong></span> <span class='ocrx_word' id='word_1_306' title='bbox 810 4158 935 4212; x_wconf 89' lang='lat' dir='ltr'><strong>umquam</strong></span> <span class='ocrx_word' id='word_1_307' title='bbox 953 4142 1068 4199; x_wconf 90' lang='lat' dir='ltr'><strong>adse&#39;ribi</strong></span> 
     </span>
    </p>
   </div>
   <div class='ocr_carea' id='block_1_5' title="bbox 238 4219 1068 5948">
    <p class='ocr_par' dir='ltr' id='par_1_6' title="bbox 275 4219 1068 4393">
     <span class='ocr_line' id='line_1_42' title="bbox 277 4219 1068 4299; baseline 0.028 -29"><span class='ocrx_word' id='word_1_308' title='bbox 277 4219 407 4286; x_wconf 88' lang='lat' dir='ltr'><strong>patriam,</strong></span> <span class='ocrx_word' id='word_1_309' title='bbox 422 4238 485 4292; x_wconf 90' lang='lat' dir='ltr'><strong>erga</strong></span> <span class='ocrx_word' id='word_1_310' title='bbox 500 4241 579 4290; x_wconf 90' lang='lat' dir='ltr'><strong>quam</strong></span> <span class='ocrx_word' id='word_1_311' title='bbox 603 4225 810 4287; x_wconf 80' lang='lat' dir='ltr'><strong>immanissimus</strong></span> <span class='ocrx_word' id='word_1_312' title='bbox 829 4242 873 4299; x_wconf 91' lang='lat' dir='ltr'><strong>tu,</strong></span> <span class='ocrx_word' id='word_1_313' title='bbox 889 4244 916 4288; x_wconf 93' lang='lat' dir='ltr'><strong>et</strong></span> <span class='ocrx_word' id='word_1_314' title='bbox 931 4237 1068 4291; x_wconf 80' lang='lat' dir='ltr'><strong>ltouuiuum</strong></span> 
     </span>
     <span class='ocr_line' id='line_1_43' title="bbox 275 4307 1067 4393; baseline 0.027 -33"><span class='ocrx_word' id='word_1_315' title='bbox 275 4317 434 4365; x_wconf 89' lang='lat' dir='ltr'><strong>cunctorum</strong></span> <span class='ocrx_word' id='word_1_316' title='bbox 443 4313 598 4370; x_wconf 88' lang='lat' dir='ltr'><strong>mitissimus</strong></span> <span class='ocrx_word' id='word_1_317' title='bbox 605 4321 692 4386; x_wconf 88' lang='lat' dir='ltr'><strong>pacari</strong></span> <span class='ocrx_word' id='word_1_318' title='bbox 702 4307 922 4393; x_wconf 82' lang='lat' dir='ltr'><strong>reconciliarique</strong></span> <span class='ocrx_word' id='word_1_319' title='bbox 930 4340 981 4379; x_wconf 89' lang='lat' dir='ltr'><strong>uon</strong></span> <span class='ocrx_word' id='word_1_320' title='bbox 989 4328 1067 4383; x_wconf 85' lang='lat' dir='ltr'><strong>reiis.</strong></span> 
     </span>
    </p>

    <p class='ocr_par' dir='ltr' id='par_1_7' title="bbox 238 4400 1068 5948">
     <span class='ocr_line' id='line_1_44' title="bbox 312 4400 1068 4483; baseline 0.028 -31"><span class='ocrx_word' id='word_1_321' title='bbox 312 4402 339 4454; x_wconf 82' lang='lat' dir='ltr'><strong>l.</strong></span> <span class='ocrx_word' id='word_1_322' title='bbox 361 4400 432 4456; x_wconf 85' lang='lat' dir='ltr'><strong>liitr&#39;s</strong></span> <span class='ocrx_word' id='word_1_323' title='bbox 446 4409 574 4475; x_wconf 81' lang='lat' dir='ltr'><strong>responsio</strong></span> <span class='ocrx_word' id='word_1_324' title='bbox 584 4407 760 4480; x_wconf 83' lang='lat' dir='ltr'><strong>lorperatorr&#39;r,</strong></span> <span class='ocrx_word' id='word_1_325' title='bbox 774 4406 816 4481; x_wconf 77' lang='lat' dir='ltr'><strong>qui</strong></span> <span class='ocrx_word' id='word_1_326' title='bbox 835 4416 915 4483; x_wconf 78' lang='lat' dir='ltr'><strong>poscit</strong></span> <span class='ocrx_word' id='word_1_327' title='bbox 931 4416 1068 4472; x_wconf 77' lang='lat' dir='ltr'><strong>Antinoite-</strong></span> 
     </span>
     <span class='ocr_line' id='line_1_45' title="bbox 276 4483 1067 4575; baseline 0.025 -33"><span class='ocrx_word' id='word_1_328' title='bbox 276 4490 326 4544; x_wconf 85' lang='lat' dir='ltr'><strong>nis.</strong></span> <span class='ocrx_word' id='word_1_329' title='bbox 337 4518 373 4531; x_wconf 89' lang='lat'><em>-</em></span> <span class='ocrx_word' id='word_1_330' title='bbox 392 4491 494 4550; x_wconf 75' lang='lat' dir='ltr'><strong>lineet</strong></span> <span class='ocrx_word' id='word_1_331' title='bbox 510 4483 555 4551; x_wconf 43' lang='lat' dir='ltr'><strong>‘tris</strong></span> <span class='ocrx_word' id='word_1_332' title='bbox 570 4500 643 4569; x_wconf 90' lang='lat' dir='ltr'><strong>plura</strong></span> <span class='ocrx_word' id='word_1_333' title='bbox 657 4502 794 4571; x_wconf 77' lang='lat' dir='ltr'><strong>loquutus,</strong></span> <span class='ocrx_word' id='word_1_334' title='bbox 819 4505 859 4559; x_wconf 90' lang='lat' dir='ltr'><strong>sic</strong></span> <span class='ocrx_word' id='word_1_335' title='bbox 878 4504 1067 4575; x_wconf 86' lang='lat' dir='ltr'><strong>imperatorem</strong></span> 
     </span>
     <span class='ocr_line' id='line_1_46' title="bbox 277 4578 1066 4667; baseline 0.025 -33"><span class='ocrx_word' id='word_1_336' title='bbox 277 4580 420 4650; x_wconf 79' lang='lat' dir='ltr'><strong>pudefecit,</strong></span> <span class='ocrx_word' id='word_1_337' title='bbox 430 4586 537 4642; x_wconf 89' lang='lat' dir='ltr'><strong>ntidem</strong></span> <span class='ocrx_word' id='word_1_338' title='bbox 552 4578 638 4658; x_wconf 82' lang='lat' dir='ltr'><strong>beret,</strong></span> <span class='ocrx_word' id='word_1_339' title='bbox 652 4592 723 4661; x_wconf 93' lang='lat' dir='ltr'><strong>quod</strong></span> <span class='ocrx_word' id='word_1_340' title='bbox 735 4604 762 4648; x_wconf 90' lang='lat' dir='ltr'><strong>et</strong></span> <span class='ocrx_word' id='word_1_341' title='bbox 775 4594 801 4647; x_wconf 94' lang='lat' dir='ltr'><strong>in</strong></span> <span class='ocrx_word' id='word_1_342' title='bbox 815 4594 913 4667; x_wconf 82' lang='lat' dir='ltr'><strong>ioseph</strong></span> <span class='ocrx_word' id='word_1_343' title='bbox 925 4597 989 4652; x_wconf 89' lang='lat' dir='ltr'><strong>olim</strong></span> <span class='ocrx_word' id='word_1_344' title='bbox 1000 4586 1066 4653; x_wconf 83' lang='lat' dir='ltr'><strong>con·</strong></span> 
     </span>
     <span class='ocr_line' id='line_1_47' title="bbox 277 4672 1068 4761; baseline 0.028 -37"><span class='ocrx_word' id='word_1_345' title='bbox 277 4674 346 4741; x_wconf 89' lang='lat' dir='ltr'><strong>tigit.</strong></span> <span class='ocrx_word' id='word_1_346' title='bbox 358 4679 361 4691; x_wconf 81' lang='lat'><strong>¹</strong></span> <span class='ocrx_word' id='word_1_347' title='bbox 371 4672 444 4731; x_wconf 85' lang='lat' dir='ltr'><strong>Sient</strong></span> <span class='ocrx_word' id='word_1_348' title='bbox 458 4682 585 4736; x_wconf 83' lang='lat' dir='ltr'><strong>enim&#39;ille</strong></span> <span class='ocrx_word' id='word_1_349' title='bbox 599 4691 662 4738; x_wconf 83' lang='lat' dir='ltr'><strong>tunc</strong></span> <span class='ocrx_word' id='word_1_350' title='bbox 678 4685 773 4739; x_wconf 88' lang='lat' dir='ltr'><strong>iratres</strong></span> <span class='ocrx_word' id='word_1_351' title='bbox 785 4687 963 4756; x_wconf 89' lang='lat' dir='ltr'><strong>conspicatus,</strong></span> <span class='ocrx_word' id='word_1_352' title='bbox 978 4691 1068 4761; x_wconf 88' lang='lat' dir='ltr'><strong>lugere</strong></span> 
     </span>
     <span class='ocr_line' id='line_1_48' title="bbox 275 4765 1067 4846; baseline 0.027 -28"><span class='ocrx_word' id='word_1_353' title='bbox 275 4765 382 4833; x_wconf 86' lang='lat' dir='ltr'><strong>quidem</strong></span> <span class='ocrx_word' id='word_1_354' title='bbox 392 4768 508 4835; x_wconf 80' lang='lat' dir='ltr'><strong>solebat,</strong></span> <span class='ocrx_word' id='word_1_355' title='bbox 519 4772 566 4828; x_wconf 82' lang='lat' dir='ltr'><strong>sed</strong></span> <span class='ocrx_word' id='word_1_356' title='bbox 574 4772 694 4830; x_wconf 90' lang='lat' dir='ltr'><strong>dolerent</strong></span> <span class='ocrx_word' id='word_1_357' title='bbox 705 4778 820 4846; x_wconf 85' lang='lat' dir='ltr'><strong>tegebat,</strong></span> <span class='ocrx_word' id='word_1_358' title='bbox 828 4793 862 4833; x_wconf 91' lang='lat' dir='ltr'><strong>ue</strong></span> <span class='ocrx_word' id='word_1_359' title='bbox 869 4780 1067 4839; x_wconf 83' lang='lat' dir='ltr'><strong>simulationem</strong></span> 
     </span>
     <span class='ocr_line' id='line_1_49' title="bbox 276 4857 1065 4943; baseline 0.024 -32"><span class='ocrx_word' id='word_1_360' title='bbox 276 4857 420 4926; x_wconf 89' lang='lat' dir='ltr'><strong>proderet:</strong></span> <span class='ocrx_word' id='word_1_361' title='bbox 436 4862 509 4919; x_wconf 82' lang='lat' dir='ltr'><strong>sicet</strong></span> <span class='ocrx_word' id='word_1_362' title='bbox 516 4863 665 4935; x_wconf 89' lang='lat' dir='ltr'><strong>imperator</strong></span> <span class='ocrx_word' id='word_1_363' title='bbox 673 4868 948 4941; x_wconf 79' lang='lat' dir='ltr'><strong>lacrymabatqutdem</strong></span> <span class='ocrx_word' id='word_1_364' title='bbox 963 4882 1065 4943; x_wconf 88' lang='lat' dir='ltr'><strong>mente,</strong></span> 
     </span>
     <span class='ocr_line' id='line_1_50' title="bbox 274 4944 1068 5033; baseline 0.026 -32"><span class='ocrx_word' id='word_1_365' title='bbox 274 4962 327 5002; x_wconf 92' lang='lat' dir='ltr'><strong>non</strong></span> <span class='ocrx_word' id='word_1_366' title='bbox 340 4944 541 5010; x_wconf 80' lang='lat' dir='ltr'><strong>demonstrabat</strong></span> <span class='ocrx_word' id='word_1_367' title='bbox 562 4966 663 5024; x_wconf 91' lang='lat' dir='ltr'><strong>autem,</strong></span> <span class='ocrx_word' id='word_1_368' title='bbox 679 4960 798 5015; x_wconf 91' lang='lat' dir='ltr'><strong>omnium</strong></span> <span class='ocrx_word' id='word_1_369' title='bbox 817 4963 862 5033; x_wconf 92' lang='lat' dir='ltr'><strong>qui</strong></span> <span class='ocrx_word' id='word_1_370' title='bbox 877 4953 1068 5022; x_wconf 82' lang='lat' dir='ltr'><strong>tuncaderant</strong></span> 
     </span>
     <span class='ocr_line' id='line_1_51' title="bbox 272 5040 1065 5127; baseline 0.024 -34"><span class='ocrx_word' id='word_1_371' title='bbox 272 5040 622 5116; x_wconf 74' lang='lat' dir='ltr'><strong>eausallcctamenusque</strong></span> <span class='ocrx_word' id='word_1_372' title='bbox 631 5049 656 5102; x_wconf 91' lang='lat' dir='ltr'><strong>iu</strong></span> <span class='ocrx_word' id='word_1_373' title='bbox 672 5044 751 5104; x_wconf 84' lang='lat' dir='ltr'><strong>duero</strong></span> <span class='ocrx_word' id='word_1_374' title='bbox 762 5060 856 5107; x_wconf 77' lang='lat' dir='ltr'><strong>astum</strong></span> <span class='ocrx_word' id='word_1_375' title='bbox 870 5054 1065 5127; x_wconf 85' lang='lat' dir='ltr'><strong>celarepotuit,</strong></span> 
     </span>
     <span class='ocr_line' id='line_1_52' title="bbox 274 5135 1067 5207; baseline 0.024 -23"><span class='ocrx_word' id='word_1_376' title='bbox 274 5144 367 5186; x_wconf 85' lang='lat' dir='ltr'><strong>rernm</strong></span> <span class='ocrx_word' id='word_1_377' title='bbox 381 5135 516 5190; x_wconf 84' lang='lat' dir='ltr'><strong>etinritus</strong></span> <span class='ocrx_word' id='word_1_378' title='bbox 527 5136 713 5207; x_wconf 83' lang='lat' dir='ltr'><strong>superabatur.</strong></span> <span class='ocrx_word' id='word_1_379' title='bbox 725 5140 789 5197; x_wconf 84' lang='lat' dir='ltr'><strong>Post</strong></span> <span class='ocrx_word' id='word_1_380' title='bbox 803 5142 1067 5203; x_wconf 89' lang='lat' dir='ltr'><strong>banoeuimconcio·</strong></span> 
     </span>
     <span class='ocr_line' id='line_1_53' title="bbox 238 5222 1066 5301; baseline 0.023 -26"><span class='ocrx_word' id='word_1_381' title='bbox 238 5225 242 5234; x_wconf 91' lang='lat'>&#39;</span> <span class='ocrx_word' id='word_1_382' title='bbox 275 5236 336 5277; x_wconf 88' lang='lat' dir='ltr'><strong>nem</strong></span> <span class='ocrx_word' id='word_1_383' title='bbox 346 5222 472 5280; x_wconf 85' lang='lat' dir='ltr'><strong>secundis</strong></span> <span class='ocrx_word' id='word_1_384' title='bbox 482 5241 535 5282; x_wconf 83' lang='lat' dir='ltr'><strong>stou</strong></span> <span class='ocrx_word' id='word_1_385' title='bbox 544 5242 611 5297; x_wconf 90' lang='lat' dir='ltr'><strong>opus</strong></span> <span class='ocrx_word' id='word_1_386' title='bbox 624 5229 715 5287; x_wconf 91' lang='lat' dir='ltr'><strong>babuit</strong></span> <span class='ocrx_word' id='word_1_387' title='bbox 723 5234 822 5301; x_wconf 89' lang='lat' dir='ltr'><strong>uerbis,</strong></span> <span class='ocrx_word' id='word_1_388' title='bbox 832 5235 879 5290; x_wconf 89' lang='lat' dir='ltr'><strong>sed</strong></span> <span class='ocrx_word' id='word_1_389' title='bbox 890 5238 1066 5294; x_wconf 88' lang='lat' dir='ltr'><strong>unumsolum</strong></span> 
     </span>
     <span class='ocr_line' id='line_1_54' title="bbox 274 5314 1067 5397; baseline 0.023 -28"><span class='ocrx_word' id='word_1_390' title='bbox 274 5314 400 5386; x_wconf 87' lang='lat' dir='ltr'><strong>loquutus</strong></span> <span class='ocrx_word' id='word_1_391' title='bbox 422 5327 463 5374; x_wconf 93' lang='lat' dir='ltr'><strong>cst</strong></span> <span class='ocrx_word' id='word_1_392' title='bbox 482 5320 612 5386; x_wconf 75' lang='lat' dir='ltr'><strong>verbum,</strong></span> <span class='ocrx_word' id='word_1_393' title='bbox 627 5326 697 5394; x_wconf 92' lang='lat' dir='ltr'><strong>quod</strong></span> <span class='ocrx_word' id='word_1_394' title='bbox 719 5327 804 5397; x_wconf 84' lang='lat' dir='ltr'><strong>ipsunt</strong></span> <span class='ocrx_word' id='word_1_395' title='bbox 819 5327 968 5385; x_wconf 89' lang='lat' dir='ltr'><strong>diademate</strong></span> <span class='ocrx_word' id='word_1_396' title='bbox 984 5330 1067 5387; x_wconf 81' lang='lat' dir='ltr'><strong>nrrrlto</strong></span> 
     </span>
     <span class='ocr_line' id='line_1_55' title="bbox 273 5411 1064 5489; baseline 0.02 -29"><span class='ocrx_word' id='word_1_397' title='bbox 273 5411 358 5477; x_wconf 82' lang='lat' dir='ltr'><strong>magis</strong></span> <span class='ocrx_word' id='word_1_398' title='bbox 370 5412 485 5467; x_wconf 84' lang='lat' dir='ltr'><strong>ornauit.</strong></span> <span class='ocrx_word' id='word_1_399' title='bbox 498 5414 568 5484; x_wconf 79' lang='lat' dir='ltr'><strong>Quid</strong></span> <span class='ocrx_word' id='word_1_400' title='bbox 582 5426 671 5471; x_wconf 89' lang='lat' dir='ltr'><strong>autem</strong></span> <span class='ocrx_word' id='word_1_401' title='bbox 685 5418 735 5474; x_wconf 91' lang='lat' dir='ltr'><strong>buc</strong></span> <span class='ocrx_word' id='word_1_402' title='bbox 749 5420 811 5474; x_wconf 82' lang='lat' dir='ltr'><strong>esti</strong></span> <span class='ocrx_word' id='word_1_403' title='bbox 827 5421 859 5474; x_wconf 86' lang='lat' dir='ltr'><strong>Et</strong></span> <span class='ocrx_word' id='word_1_404' title='bbox 872 5421 935 5489; x_wconf 88' lang='lat' dir='ltr'><strong>quid</strong></span> <span class='ocrx_word' id='word_1_405' title='bbox 949 5422 1064 5476; x_wconf 89' lang='lat' dir='ltr'><strong>admira-</strong></span> 
     </span>
     <span class='ocr_line' id='line_1_56' title="bbox 274 5500 1066 5580; baseline 0.018 -26"><span class='ocrx_word' id='word_1_406' title='bbox 274 5500 325 5556; x_wconf 92' lang='lat' dir='ltr'><strong>bile</strong></span> <span class='ocrx_word' id='word_1_407' title='bbox 337 5512 498 5576; x_wconf 89' lang='lat' dir='ltr'><strong>etmagnum</strong></span> <span class='ocrx_word' id='word_1_408' title='bbox 515 5517 569 5576; x_wconf 90' lang='lat' dir='ltr'><strong>est,</strong></span> <span class='ocrx_word' id='word_1_409' title='bbox 584 5509 678 5580; x_wconf 88' lang='lat' dir='ltr'><strong>inquit,</strong></span> <span class='ocrx_word' id='word_1_410' title='bbox 691 5511 713 5566; x_wconf 91' lang='lat' dir='ltr'><strong>si</strong></span> <span class='ocrx_word' id='word_1_411' title='bbox 725 5512 767 5577; x_wconf 89' lang='lat' dir='ltr'><strong>iis,</strong></span> <span class='ocrx_word' id='word_1_412' title='bbox 782 5513 825 5579; x_wconf 93' lang='lat' dir='ltr'><strong>qui</strong></span> <span class='ocrx_word' id='word_1_413' title='bbox 838 5527 886 5567; x_wconf 87' lang='lat' dir='ltr'><strong>tttts</strong></span> <span class='ocrx_word' id='word_1_414' title='bbox 898 5514 1066 5569; x_wconf 85' lang='lat' dir='ltr'><strong>emrturueliis</strong></span> 
     </span>
     <span class='ocr_line' id='line_1_57' title="bbox 272 5592 1064 5665; baseline 0.018 -21"><span class='ocrx_word' id='word_1_415' title='bbox 272 5592 437 5664; x_wconf 74' lang='lat' dir='ltr'><strong>abiecerunt,</strong></span> <span class='ocrx_word' id='word_1_416' title='bbox 452 5598 519 5654; x_wconf 85' lang='lat' dir='ltr'><strong>iram</strong></span> <span class='ocrx_word' id='word_1_417' title='bbox 532 5600 700 5656; x_wconf 88' lang='lat' dir='ltr'><strong>remittamus</strong></span> <span class='ocrx_word' id='word_1_418' title='bbox 714 5601 866 5657; x_wconf 88' lang='lat' dir='ltr'><strong>bominibus</strong></span> <span class='ocrx_word' id='word_1_419' title='bbox 878 5603 1064 5665; x_wconf 82' lang='lat' dir='ltr'><strong>existentibus,</strong></span> 
     </span>
     <span class='ocr_line' id='line_1_58' title="bbox 273 5690 1066 5759; baseline 0.016 -20"><span class='ocrx_word' id='word_1_420' title='bbox 273 5691 337 5742; x_wconf 83' lang='lat' dir='ltr'><strong>cu&#39;m</strong></span> <span class='ocrx_word' id='word_1_421' title='bbox 345 5690 428 5759; x_wconf 87' lang='lat' dir='ltr'><strong>etipsl</strong></span> <span class='ocrx_word' id='word_1_422' title='bbox 436 5690 557 5746; x_wconf 88' lang='lat' dir='ltr'><strong>boniines</strong></span> <span class='ocrx_word' id='word_1_423' title='bbox 565 5694 659 5757; x_wconf 88' lang='lat' dir='ltr'><strong>sintus;</strong></span> <span class='ocrx_word' id='word_1_424' title='bbox 668 5704 728 5749; x_wconf 93' lang='lat' dir='ltr'><strong>cum</strong></span> <span class='ocrx_word' id='word_1_425' title='bbox 737 5694 828 5749; x_wconf 87' lang='lat' dir='ltr'><strong>mundi</strong></span> <span class='ocrx_word' id='word_1_426' title='bbox 839 5695 997 5752; x_wconf 84' lang='lat' dir='ltr'><strong>Dominusin</strong></span> <span class='ocrx_word' id='word_1_427' title='bbox 1012 5707 1066 5753; x_wconf 90' lang='lat' dir='ltr'><strong>ter-</strong></span> 
     </span>
     <span class='ocr_line' id='line_1_59' title="bbox 274 5780 1065 5854; baseline 0.018 -21"><span class='ocrx_word' id='word_1_428' title='bbox 274 5792 334 5833; x_wconf 87' lang='lat' dir='ltr'><strong>ram</strong></span> <span class='ocrx_word' id='word_1_429' title='bbox 346 5780 522 5849; x_wconf 88' lang='lat' dir='ltr'><strong>descendeus,</strong></span> <span class='ocrx_word' id='word_1_430' title='bbox 536 5792 565 5839; x_wconf 90' lang='lat' dir='ltr'><strong>ct</strong></span> <span class='ocrx_word' id='word_1_431' title='bbox 579 5795 686 5854; x_wconf 88' lang='lat' dir='ltr'><strong>propter</strong></span> <span class='ocrx_word' id='word_1_432' title='bbox 700 5800 750 5842; x_wconf 93' lang='lat' dir='ltr'><strong>nos</strong></span> <span class='ocrx_word' id='word_1_433' title='bbox 767 5800 861 5842; x_wconf 77' lang='lat' dir='ltr'><strong>serulus</strong></span> <span class='ocrx_word' id='word_1_434' title='bbox 876 5790 972 5854; x_wconf 78' lang='lat' dir='ltr'><strong>incito,</strong></span> <span class='ocrx_word' id='word_1_435' title='bbox 997 5799 1025 5846; x_wconf 90' lang='lat' dir='ltr'><strong>et</strong></span> <span class='ocrx_word' id='word_1_436' title='bbox 1050 5806 1065 5846; x_wconf 91' lang='lat' dir='ltr'><strong>a</strong></span> 
     </span>
     <span class='ocr_line' id='line_1_60' title="bbox 273 5868 1065 5948; baseline 0.02 -24"><span class='ocrx_word' id='word_1_437' title='bbox 273 5868 408 5927; x_wconf 81' lang='lat' dir='ltr'><strong>benedcio</strong></span> <span class='ocrx_word' id='word_1_438' title='bbox 421 5872 524 5930; x_wconf 85' lang='lat' dir='ltr'><strong>allectis</strong></span> <span class='ocrx_word' id='word_1_439' title='bbox 543 5874 698 5938; x_wconf 86' lang='lat' dir='ltr'><strong>crncidsus,</strong></span> <span class='ocrx_word' id='word_1_440' title='bbox 724 5892 772 5948; x_wconf 93' lang='lat' dir='ltr'><strong>pro</strong></span> <span class='ocrx_word' id='word_1_441' title='bbox 785 5878 989 5937; x_wconf 88' lang='lat' dir='ltr'><strong>orucitisorlbus</strong></span> <span class='ocrx_word' id='word_1_442' title='bbox 1008 5884 1065 5940; x_wconf 89' lang='lat' dir='ltr'><strong>suls</strong></span> 
     </span>
    </p>
   </div>
   <div class='ocr_carea' id='block_1_6' title="bbox 636 414 1545 540">
    <p class='ocr_par' dir='ltr' id='par_1_8' title="bbox 636 414 1545 540">
     <span class='ocr_line' id='line_1_61' title="bbox 636 414 1545 540; baseline 0.04 -45"><span class='ocrx_word' id='word_1_443' title='bbox 636 440 664 496; x_wconf 85' lang='lat' dir='ltr'><strong>S.</strong></span> <span class='ocrx_word' id='word_1_444' title='bbox 685 440 824 499; x_wconf 80' lang='lat' dir='ltr'><strong>JOANNlS</strong></span> <span class='ocrx_word' id='word_1_445' title='bbox 842 441 1080 504; x_wconf 72' lang='lat' dir='ltr'><strong>CllllYSOS‘ltlltll</strong></span> <span class='ocrx_word' id='word_1_446' title='bbox 1101 454 1259 533; x_wconf 68' lang='lat' dir='ltr'><strong>nttt‘ttttjt.</strong></span> <span class='ocrx_word' id='word_1_447' title='bbox 1280 414 1545 540; x_wconf 64' lang='lat' dir='ltr'><strong>consternatos.</strong></span> 
     </span>
    </p>
   </div>
   <div class='ocr_carea' id='block_1_7' title="bbox 1115 575 1913 3445">
    <p class='ocr_par' dir='ltr' id='par_1_9' title="bbox 1115 575 1913 3445">
     <span class='ocr_line' id='line_1_62' title="bbox 1116 575 1905 662; baseline 0.035 -31"><span class='ocrx_word' id='word_1_448' title='bbox 1116 575 1221 633; x_wconf 87' lang='lat' dir='ltr'><strong>Patrem</strong></span> <span class='ocrx_word' id='word_1_449' title='bbox 1250 583 1376 648; x_wconf 82' lang='lat' dir='ltr'><strong>oraverit,</strong></span> <span class='ocrx_word' id='word_1_450' title='bbox 1403 584 1517 645; x_wconf 84' lang='lat' dir='ltr'><strong>dicens:</strong></span> <span class='ocrx_word' id='word_1_451' title='bbox 1542 589 1731 662; x_wconf 67' lang='lat' dir='ltr'><strong>lprrosseillir,</strong></span> <span class='ocrx_word' id='word_1_452' title='bbox 1758 612 1810 655; x_wconf 79' lang='lat' dir='ltr'><strong>non</strong></span> <span class='ocrx_word' id='word_1_453' title='bbox 1839 604 1905 659; x_wconf 84' lang='lat' dir='ltr'><strong>eninr</strong></span> 
     </span>
     <span class='ocr_line' id='line_1_63' title="bbox 1117 671 1906 763; baseline 0.035 -39"><span class='ocrx_word' id='word_1_454' title='bbox 1117 671 1201 726; x_wconf 82' lang='lat' dir='ltr'><strong>seiont</strong></span> <span class='ocrx_word' id='word_1_455' title='bbox 1211 674 1279 745; x_wconf 81' lang='lat' dir='ltr'><strong>qaid</strong></span> <span class='ocrx_word' id='word_1_456' title='bbox 1291 676 1386 746; x_wconf 69' lang='lat' dir='ltr'><strong>insistit</strong></span> <span class='ocrx_word' id='word_1_457' title='bbox 1398 679 1408 750; x_wconf 72' lang='lat' dir='ltr'><strong>l</strong></span> <span class='ocrx_word' id='word_1_458' title='bbox 1419 678 1482 739; x_wconf 85' lang='lat' dir='ltr'><strong>Luc.</strong></span> <span class='ocrx_word' id='word_1_459' title='bbox 1496 682 1541 739; x_wconf 73' lang='lat'><strong>25.</strong></span> <span class='ocrx_word' id='word_1_460' title='bbox 1557 684 1592 741; x_wconf 74' lang='lat' dir='ltr'><strong>ai</strong></span> <span class='ocrx_word' id='word_1_461' title='bbox 1606 686 1634 757; x_wconf 82' lang='lat'><strong>)?</strong></span> <span class='ocrx_word' id='word_1_462' title='bbox 1647 690 1708 757; x_wconf 85' lang='lat' dir='ltr'><strong>quid</strong></span> <span class='ocrx_word' id='word_1_463' title='bbox 1727 690 1808 763; x_wconf 81' lang='lat' dir='ltr'><strong>igitur</strong></span> <span class='ocrx_word' id='word_1_464' title='bbox 1819 694 1906 751; x_wconf 79' lang='lat' dir='ltr'><strong>admi·-</strong></span> 
     </span>
     <span class='ocr_line' id='line_1_64' title="bbox 1115 762 1907 858; baseline 0.04 -41"><span class='ocrx_word' id='word_1_465' title='bbox 1115 762 1212 833; x_wconf 88' lang='lat' dir='ltr'><strong>rabile,</strong></span> <span class='ocrx_word' id='word_1_466' title='bbox 1229 766 1251 821; x_wconf 86' lang='lat' dir='ltr'><strong>si</strong></span> <span class='ocrx_word' id='word_1_467' title='bbox 1263 774 1462 837; x_wconf 79' lang='lat' dir='ltr'><strong>noscenseruis</strong></span> <span class='ocrx_word' id='word_1_468' title='bbox 1485 776 1674 847; x_wconf 74' lang='lat' dir='ltr'><strong>ignoscamus?</strong></span> <span class='ocrx_word' id='word_1_469' title='bbox 1696 784 1740 839; x_wconf 82' lang='lat' dir='ltr'><strong>lit·</strong></span> <span class='ocrx_word' id='word_1_470' title='bbox 1753 788 1826 858; x_wconf 90' lang='lat' dir='ltr'><strong>quod</strong></span> <span class='ocrx_word' id='word_1_471' title='bbox 1850 788 1907 847; x_wconf 78' lang='lat' dir='ltr'><strong>bae</strong></span> 
     </span>
     <span class='ocr_line' id='line_1_65' title="bbox 1117 857 1907 951; baseline 0.038 -41"><span class='ocrx_word' id='word_1_472' title='bbox 1117 857 1202 914; x_wconf 84' lang='lat' dir='ltr'><strong>rerba</strong></span> <span class='ocrx_word' id='word_1_473' title='bbox 1214 874 1266 915; x_wconf 93' lang='lat' dir='ltr'><strong>non</strong></span> <span class='ocrx_word' id='word_1_474' title='bbox 1280 861 1334 917; x_wconf 89' lang='lat' dir='ltr'><strong>sint</strong></span> <span class='ocrx_word' id='word_1_475' title='bbox 1346 864 1492 937; x_wconf 82' lang='lat' dir='ltr'><strong>simulatio,</strong></span> <span class='ocrx_word' id='word_1_476' title='bbox 1513 870 1730 933; x_wconf 86' lang='lat' dir='ltr'><strong>demonstrarunt</strong></span> <span class='ocrx_word' id='word_1_477' title='bbox 1750 880 1857 951; x_wconf 91' lang='lat' dir='ltr'><strong>quidem</strong></span> <span class='ocrx_word' id='word_1_478' title='bbox 1881 895 1907 940; x_wconf 89' lang='lat' dir='ltr'><strong>et</strong></span> 
     </span>
     <span class='ocr_line' id='line_1_66' title="bbox 1117 950 1906 1039; baseline 0.037 -36"><span class='ocrx_word' id='word_1_479' title='bbox 1117 950 1220 1022; x_wconf 91' lang='lat' dir='ltr'><strong>reliqua</strong></span> <span class='ocrx_word' id='word_1_480' title='bbox 1233 968 1325 1023; x_wconf 88' lang='lat' dir='ltr'><strong>opera,</strong></span> <span class='ocrx_word' id='word_1_481' title='bbox 1339 972 1389 1013; x_wconf 89' lang='lat' dir='ltr'><strong>neo</strong></span> <span class='ocrx_word' id='word_1_482' title='bbox 1401 958 1434 1015; x_wconf 92' lang='lat' dir='ltr'><strong>iis</strong></span> <span class='ocrx_word' id='word_1_483' title='bbox 1446 962 1534 1019; x_wconf 82' lang='lat' dir='ltr'><strong>miurus</strong></span> <span class='ocrx_word' id='word_1_484' title='bbox 1547 964 1611 1022; x_wconf 85' lang='lat' dir='ltr'><strong>illutl</strong></span> <span class='ocrx_word' id='word_1_485' title='bbox 1623 970 1694 1039; x_wconf 92' lang='lat' dir='ltr'><strong>quod</strong></span> <span class='ocrx_word' id='word_1_486' title='bbox 1707 986 1778 1029; x_wconf 83' lang='lat' dir='ltr'><strong>attnc</strong></span> <span class='ocrx_word' id='word_1_487' title='bbox 1790 987 1849 1029; x_wconf 90' lang='lat' dir='ltr'><strong>sum</strong></span> <span class='ocrx_word' id='word_1_488' title='bbox 1862 990 1906 1031; x_wconf 89' lang='lat' dir='ltr'><strong>re-</strong></span> 
     </span>
     <span class='ocr_line' id='line_1_67' title="bbox 1118 1040 1909 1125; baseline 0.037 -30"><span class='ocrx_word' id='word_1_489' title='bbox 1118 1040 1230 1100; x_wconf 87' lang='lat' dir='ltr'><strong>laturus.</strong></span> <span class='ocrx_word' id='word_1_490' title='bbox 1252 1045 1340 1117; x_wconf 89' lang='lat' dir='ltr'><strong>lpsum</strong></span> <span class='ocrx_word' id='word_1_491' title='bbox 1359 1052 1430 1107; x_wconf 87' lang='lat' dir='ltr'><strong>enim</strong></span> <span class='ocrx_word' id='word_1_492' title='bbox 1453 1053 1524 1111; x_wconf 82' lang='lat' dir='ltr'><strong>brino</strong></span> <span class='ocrx_word' id='word_1_493' title='bbox 1548 1059 1714 1118; x_wconf 84' lang='lat' dir='ltr'><strong>sacerdotem</strong></span> <span class='ocrx_word' id='word_1_494' title='bbox 1727 1078 1818 1121; x_wconf 63' lang='lat' dir='ltr'><strong>mum</strong></span> <span class='ocrx_word' id='word_1_495' title='bbox 1840 1066 1909 1125; x_wconf 88' lang='lat' dir='ltr'><strong>itane</strong></span> 
     </span>
     <span class='ocr_line' id='line_1_68' title="bbox 1118 1132 1909 1231; baseline 0.04 -45"><span class='ocrx_word' id='word_1_496' title='bbox 1118 1132 1315 1193; x_wconf 87' lang='lat' dir='ltr'><strong>solemnitatem</strong></span> <span class='ocrx_word' id='word_1_497' title='bbox 1331 1141 1469 1202; x_wconf 90' lang='lat' dir='ltr'><strong>celebrare</strong></span> <span class='ocrx_word' id='word_1_498' title='bbox 1479 1146 1623 1216; x_wconf 84' lang='lat' dir='ltr'><strong>uolentem,</strong></span> <span class='ocrx_word' id='word_1_499' title='bbox 1643 1154 1754 1212; x_wconf 86' lang='lat' dir='ltr'><strong>inuitum</strong></span> <span class='ocrx_word' id='word_1_500' title='bbox 1765 1172 1909 1231; x_wconf 84' lang='lat' dir='ltr'><strong>properare</strong></span> 
     </span>
     <span class='ocr_line' id='line_1_69' title="bbox 1118 1229 1908 1327; baseline 0.034 -44"><span class='ocrx_word' id='word_1_501' title='bbox 1118 1234 1146 1283; x_wconf 90' lang='lat' dir='ltr'><strong>et</strong></span> <span class='ocrx_word' id='word_1_502' title='bbox 1160 1229 1287 1287; x_wconf 75' lang='lat' dir='ltr'><strong>festinare</strong></span> <span class='ocrx_word' id='word_1_503' title='bbox 1296 1236 1384 1307; x_wconf 89' lang='lat' dir='ltr'><strong>coegit</strong></span> <span class='ocrx_word' id='word_1_504' title='bbox 1393 1248 1421 1293; x_wconf 89' lang='lat' dir='ltr'><strong>et</strong></span> <span class='ocrx_word' id='word_1_505' title='bbox 1430 1242 1710 1304; x_wconf 84' lang='lat' dir='ltr'><strong>seciribusesbibere.</strong></span> <span class='ocrx_word' id='word_1_506' title='bbox 1723 1250 1801 1321; x_wconf 84' lang='lat' dir='ltr'><strong>Nori,</strong></span> <span class='ocrx_word' id='word_1_507' title='bbox 1812 1254 1908 1327; x_wconf 88' lang='lat' dir='ltr'><strong>lnquit,</strong></span> 
     </span>
     <span class='ocr_line' id='line_1_70' title="bbox 1119 1322 1907 1415; baseline 0.039 -43"><span class='ocrx_word' id='word_1_508' title='bbox 1119 1335 1190 1376; x_wconf 89' lang='lat' dir='ltr'><strong>nune</strong></span> <span class='ocrx_word' id='word_1_509' title='bbox 1201 1322 1319 1391; x_wconf 89' lang='lat' dir='ltr'><strong>ipsorum</strong></span> <span class='ocrx_word' id='word_1_510' title='bbox 1330 1326 1433 1387; x_wconf 86' lang='lat' dir='ltr'><strong>animos</strong></span> <span class='ocrx_word' id='word_1_511' title='bbox 1442 1334 1626 1401; x_wconf 85' lang='lat' dir='ltr'><strong>conturbatos,</strong></span> <span class='ocrx_word' id='word_1_512' title='bbox 1645 1348 1672 1395; x_wconf 92' lang='lat' dir='ltr'><strong>et</strong></span> <span class='ocrx_word' id='word_1_513' title='bbox 1695 1342 1793 1399; x_wconf 88' lang='lat' dir='ltr'><strong>multas</strong></span> <span class='ocrx_word' id='word_1_514' title='bbox 1816 1360 1907 1415; x_wconf 89' lang='lat' dir='ltr'><strong>super·</strong></span> 
     </span>
     <span class='ocr_line' id='line_1_71' title="bbox 1120 1416 1910 1509; baseline 0.035 -41"><span class='ocrx_word' id='word_1_515' title='bbox 1120 1426 1180 1470; x_wconf 91' lang='lat' dir='ltr'><strong>esse</strong></span> <span class='ocrx_word' id='word_1_516' title='bbox 1187 1416 1348 1475; x_wconf 88' lang='lat' dir='ltr'><strong>calamitatis</strong></span> <span class='ocrx_word' id='word_1_517' title='bbox 1362 1422 1507 1491; x_wconf 81' lang='lat' dir='ltr'><strong>reliqu.ias;</strong></span> <span class='ocrx_word' id='word_1_518' title='bbox 1522 1427 1576 1495; x_wconf 87' lang='lat' dir='ltr'><strong>abi,</strong></span> <span class='ocrx_word' id='word_1_519' title='bbox 1589 1432 1738 1489; x_wconf 86' lang='lat' dir='ltr'><strong>consolare.</strong></span> <span class='ocrx_word' id='word_1_520' title='bbox 1761 1434 1789 1493; x_wconf 85' lang='lat' dir='ltr'><strong>st</strong></span> <span class='ocrx_word' id='word_1_521' title='bbox 1811 1438 1910 1509; x_wconf 86' lang='lat' dir='ltr'><strong>guber·</strong></span> 
     </span>
     <span class='ocr_line' id='line_1_72' title="bbox 1120 1509 1909 1603; baseline 0.037 -44"><span class='ocrx_word' id='word_1_522' title='bbox 1120 1517 1241 1563; x_wconf 89' lang='lat' dir='ltr'><strong>natorem</strong></span> <span class='ocrx_word' id='word_1_523' title='bbox 1250 1509 1375 1583; x_wconf 79' lang='lat' dir='ltr'><strong>uiderint,</strong></span> <span class='ocrx_word' id='word_1_524' title='bbox 1385 1509 1909 1603; x_wconf 70' lang='lat' dir='ltr'><strong>necpreteritaereatiniseeuturterope·</strong></span> 
     </span>
     <span class='ocr_line' id='line_1_73' title="bbox 1120 1602 1909 1679; baseline 0.034 -26"><span class='ocrx_word' id='word_1_525' title='bbox 1120 1602 1206 1667; x_wconf 89' lang='lat' dir='ltr'><strong>statis,</strong></span> <span class='ocrx_word' id='word_1_526' title='bbox 1223 1618 1315 1659; x_wconf 83' lang='lat' dir='ltr'><strong>verum</strong></span> <span class='ocrx_word' id='word_1_527' title='bbox 1330 1617 1358 1661; x_wconf 89' lang='lat' dir='ltr'><strong>et</strong></span> <span class='ocrx_word' id='word_1_528' title='bbox 1374 1608 1458 1677; x_wconf 86' lang='lat' dir='ltr'><strong>ipsam</strong></span> <span class='ocrx_word' id='word_1_529' title='bbox 1482 1612 1596 1669; x_wconf 89' lang='lat' dir='ltr'><strong>tristium</strong></span> <span class='ocrx_word' id='word_1_530' title='bbox 1626 1618 1781 1675; x_wconf 90' lang='lat' dir='ltr'><strong>memoriam</strong></span> <span class='ocrx_word' id='word_1_531' title='bbox 1803 1636 1909 1679; x_wconf 90' lang='lat' dir='ltr'><strong>omnem</strong></span> 
     </span>
     <span class='ocr_line' id='line_1_74' title="bbox 1120 1690 1909 1779; baseline 0.028 -32"><span class='ocrx_word' id='word_1_532' title='bbox 1120 1690 1308 1760; x_wconf 80' lang='lat' dir='ltr'><strong>delebuntllt</strong></span> <span class='ocrx_word' id='word_1_533' title='bbox 1318 1708 1406 1755; x_wconf 78' lang='lat' dir='ltr'><strong>numm</strong></span> <span class='ocrx_word' id='word_1_534' title='bbox 1418 1700 1514 1757; x_wconf 80' lang='lat' dir='ltr'><strong>irretitit</strong></span> <span class='ocrx_word' id='word_1_535' title='bbox 1526 1705 1647 1775; x_wconf 89' lang='lat' dir='ltr'><strong>pontiiex</strong></span> <span class='ocrx_word' id='word_1_536' title='bbox 1659 1719 1765 1779; x_wconf 88' lang='lat' dir='ltr'><strong>petens,</strong></span> <span class='ocrx_word' id='word_1_537' title='bbox 1782 1719 1810 1767; x_wconf 90' lang='lat' dir='ltr'><strong>ut</strong></span> <span class='ocrx_word' id='word_1_538' title='bbox 1826 1712 1909 1769; x_wconf 84' lang='lat' dir='ltr'><strong>lulium</strong></span> 
     </span>
     <span class='ocr_line' id='line_1_75' title="bbox 1120 1785 1911 1872; baseline 0.034 -36"><span class='ocrx_word' id='word_1_539' title='bbox 1120 1797 1198 1837; x_wconf 92' lang='lat' dir='ltr'><strong>suum</strong></span> <span class='ocrx_word' id='word_1_540' title='bbox 1210 1785 1339 1853; x_wconf 89' lang='lat' dir='ltr'><strong>mitteret,</strong></span> <span class='ocrx_word' id='word_1_541' title='bbox 1356 1791 1449 1847; x_wconf 82' lang='lat' dir='ltr'><strong>rolens</strong></span> <span class='ocrx_word' id='word_1_542' title='bbox 1462 1793 1508 1849; x_wconf 89' lang='lat' dir='ltr'><strong>ille</strong></span> <span class='ocrx_word' id='word_1_543' title='bbox 1520 1797 1659 1855; x_wconf 85' lang='lat' dir='ltr'><strong>ntartiieste</strong></span> <span class='ocrx_word' id='word_1_544' title='bbox 1673 1799 1869 1872; x_wconf 85' lang='lat' dir='ltr'><strong>demonstrare,</strong></span> <span class='ocrx_word' id='word_1_545' title='bbox 1881 1820 1911 1861; x_wconf 89' lang='lat' dir='ltr'><strong>sc</strong></span> 
     </span>
     <span class='ocr_line' id='line_1_76' title="bbox 1120 1879 1911 1965; baseline 0.029 -35"><span class='ocrx_word' id='word_1_546' title='bbox 1120 1879 1226 1948; x_wconf 89' lang='lat' dir='ltr'><strong>penitus</strong></span> <span class='ocrx_word' id='word_1_547' title='bbox 1240 1881 1306 1937; x_wconf 91' lang='lat' dir='ltr'><strong>iram</strong></span> <span class='ocrx_word' id='word_1_548' title='bbox 1321 1893 1412 1941; x_wconf 88' lang='lat' dir='ltr'><strong>tuente</strong></span> <span class='ocrx_word' id='word_1_549' title='bbox 1433 1884 1586 1945; x_wconf 86' lang='lat' dir='ltr'><strong>delevisse:</strong></span> <span class='ocrx_word' id='word_1_550' title='bbox 1601 1889 1701 1959; x_wconf 85' lang='lat' dir='ltr'><strong>Orate,</strong></span> <span class='ocrx_word' id='word_1_551' title='bbox 1724 1895 1830 1965; x_wconf 85' lang='lat' dir='ltr'><strong>inquit,</strong></span> <span class='ocrx_word' id='word_1_552' title='bbox 1854 1900 1911 1953; x_wconf 88' lang='lat' dir='ltr'><strong>baec</strong></span> 
     </span>
     <span class='ocr_line' id='line_1_77' title="bbox 1121 1967 1910 2055; baseline 0.03 -33"><span class='ocrx_word' id='word_1_553' title='bbox 1121 1967 1220 2025; x_wconf 78' lang='lat' dir='ltr'><strong>aulerci</strong></span> <span class='ocrx_word' id='word_1_554' title='bbox 1236 1972 1381 2041; x_wconf 86' lang='lat' dir='ltr'><strong>obstacula,</strong></span> <span class='ocrx_word' id='word_1_555' title='bbox 1397 1974 1456 2031; x_wconf 76' lang='lat' dir='ltr'><strong>baec</strong></span> <span class='ocrx_word' id='word_1_556' title='bbox 1477 1976 1546 2035; x_wconf 88' lang='lat' dir='ltr'><strong>bella</strong></span> <span class='ocrx_word' id='word_1_557' title='bbox 1560 1981 1688 2052; x_wconf 73' lang='lat' dir='ltr'><strong>extingui,</strong></span> <span class='ocrx_word' id='word_1_558' title='bbox 1701 1995 1729 2040; x_wconf 92' lang='lat' dir='ltr'><strong>et</strong></span> <span class='ocrx_word' id='word_1_559' title='bbox 1742 2001 1792 2055; x_wconf 89' lang='lat' dir='ltr'><strong>ego</strong></span> <span class='ocrx_word' id='word_1_560' title='bbox 1805 1990 1910 2046; x_wconf 79' lang='lat' dir='ltr'><strong>seruiunt</strong></span> 
     </span>
     <span class='ocr_line' id='line_1_78' title="bbox 1122 2060 1911 2145; baseline 0.028 -32"><span class='ocrx_word' id='word_1_561' title='bbox 1122 2060 1243 2133; x_wconf 90' lang='lat' dir='ltr'><strong>omnino.</strong></span> <span class='ocrx_word' id='word_1_562' title='bbox 1255 2063 1324 2130; x_wconf 81' lang='lat' dir='ltr'><strong>Qtrid</strong></span> <span class='ocrx_word' id='word_1_563' title='bbox 1334 2066 1423 2121; x_wconf 89' lang='lat' dir='ltr'><strong>anima</strong></span> <span class='ocrx_word' id='word_1_564' title='bbox 1437 2068 1529 2125; x_wconf 90' lang='lat' dir='ltr'><strong>mitius</strong></span> <span class='ocrx_word' id='word_1_565' title='bbox 1541 2070 1584 2126; x_wconf 87' lang='lat' dir='ltr'><strong>illa</strong></span> <span class='ocrx_word' id='word_1_566' title='bbox 1596 2086 1658 2129; x_wconf 89' lang='lat' dir='ltr'><strong>esse</strong></span> <span class='ocrx_word' id='word_1_567' title='bbox 1671 2077 1776 2145; x_wconf 86' lang='lat' dir='ltr'><strong>possiti</strong></span> <span class='ocrx_word' id='word_1_568' title='bbox 1790 2077 1911 2135; x_wconf 78' lang='lat' dir='ltr'><strong>Certim-</strong></span> 
     </span>
     <span class='ocr_line' id='line_1_79' title="bbox 1121 2150 1910 2237; baseline 0.027 -31"><span class='ocrx_word' id='word_1_569' title='bbox 1121 2150 1218 2207; x_wconf 91' lang='lat' dir='ltr'><strong>dantur</strong></span> <span class='ocrx_word' id='word_1_570' title='bbox 1229 2156 1344 2226; x_wconf 89' lang='lat' dir='ltr'><strong>gentiles</strong></span> <span class='ocrx_word' id='word_1_571' title='bbox 1356 2158 1390 2215; x_wconf 91' lang='lat' dir='ltr'><strong>de</strong></span> <span class='ocrx_word' id='word_1_572' title='bbox 1400 2159 1514 2231; x_wconf 89' lang='lat' dir='ltr'><strong>reliquo,</strong></span> <span class='ocrx_word' id='word_1_573' title='bbox 1525 2163 1645 2234; x_wconf 80' lang='lat' dir='ltr'><strong>quinimo</strong></span> <span class='ocrx_word' id='word_1_574' title='bbox 1658 2167 1910 2237; x_wconf 83' lang='lat' dir='ltr'><strong>tteeoniundamur,</strong></span> 
     </span>
     <span class='ocr_line' id='line_1_80' title="bbox 1121 2244 1911 2325; baseline 0.024 -25"><span class='ocrx_word' id='word_1_575' title='bbox 1121 2244 1167 2301; x_wconf 92' lang='lat' dir='ltr'><strong>sed</strong></span> <span class='ocrx_word' id='word_1_576' title='bbox 1181 2248 1353 2320; x_wconf 78' lang='lat' dir='ltr'><strong>exaudiantur,</strong></span> <span class='ocrx_word' id='word_1_577' title='bbox 1377 2259 1405 2307; x_wconf 91' lang='lat' dir='ltr'><strong>et</strong></span> <span class='ocrx_word' id='word_1_578' title='bbox 1426 2255 1561 2325; x_wconf 89' lang='lat' dir='ltr'><strong>proprium</strong></span> <span class='ocrx_word' id='word_1_579' title='bbox 1575 2258 1729 2317; x_wconf 84' lang='lat' dir='ltr'><strong>orttittentes</strong></span> <span class='ocrx_word' id='word_1_580' title='bbox 1742 2275 1862 2319; x_wconf 88' lang='lat' dir='ltr'><strong>errorem</strong></span> <span class='ocrx_word' id='word_1_581' title='bbox 1877 2264 1911 2319; x_wconf 86' lang='lat' dir='ltr'><strong>ad</strong></span> 
     </span>
     <span class='ocr_line' id='line_1_81' title="bbox 1121 2336 1913 2426; baseline 0.024 -35"><span class='ocrx_word' id='word_1_582' title='bbox 1121 2336 1316 2396; x_wconf 80' lang='lat' dir='ltr'><strong>Gltristianistni</strong></span> <span class='ocrx_word' id='word_1_583' title='bbox 1325 2340 1448 2399; x_wconf 86' lang='lat' dir='ltr'><strong>uirtutem</strong></span> <span class='ocrx_word' id='word_1_584' title='bbox 1458 2344 1579 2411; x_wconf 87' lang='lat' dir='ltr'><strong>redeant,</strong></span> <span class='ocrx_word' id='word_1_585' title='bbox 1591 2358 1709 2405; x_wconf 77' lang='lat' dir='ltr'><strong>nostram</strong></span> <span class='ocrx_word' id='word_1_586' title='bbox 1722 2352 1757 2407; x_wconf 89' lang='lat' dir='ltr'><strong>ab</strong></span> <span class='ocrx_word' id='word_1_587' title='bbox 1771 2352 1913 2426; x_wconf 86' lang='lat' dir='ltr'><strong>imperato·</strong></span> 
     </span>
     <span class='ocr_line' id='line_1_82' title="bbox 1122 2431 1912 2509; baseline 0.029 -28"><span class='ocrx_word' id='word_1_588' title='bbox 1122 2444 1151 2483; x_wconf 90' lang='lat' dir='ltr'><strong>re</strong></span> <span class='ocrx_word' id='word_1_589' title='bbox 1161 2438 1186 2482; x_wconf 91' lang='lat' dir='ltr'><strong>et</strong></span> <span class='ocrx_word' id='word_1_590' title='bbox 1196 2431 1322 2500; x_wconf 78' lang='lat' dir='ltr'><strong>pontifice</strong></span> <span class='ocrx_word' id='word_1_591' title='bbox 1330 2433 1400 2495; x_wconf 83' lang='lat' dir='ltr'><strong>docti</strong></span> <span class='ocrx_word' id='word_1_592' title='bbox 1411 2434 1616 2509; x_wconf 87' lang='lat' dir='ltr'><strong>pltllosopltiam.</strong></span> <span class='ocrx_word' id='word_1_593' title='bbox 1631 2440 1689 2500; x_wconf 83' lang='lat' dir='ltr'><strong>Nou</strong></span> <span class='ocrx_word' id='word_1_594' title='bbox 1701 2445 1771 2499; x_wconf 90' lang='lat' dir='ltr'><strong>euiut</strong></span> <span class='ocrx_word' id='word_1_595' title='bbox 1783 2445 1912 2504; x_wconf 60' lang='lat' dir='ltr'><strong>basonus</strong></span> 
     </span>
     <span class='ocr_line' id='line_1_83' title="bbox 1118 2523 1913 2609; baseline 0.024 -32"><span class='ocrx_word' id='word_1_596' title='bbox 1118 2523 1311 2591; x_wconf 46' lang='lat' dir='ltr'><strong>,tunosubstitit</strong></span> <span class='ocrx_word' id='word_1_597' title='bbox 1325 2526 1459 2594; x_wconf 84' lang='lat' dir='ltr'><strong>piissimus</strong></span> <span class='ocrx_word' id='word_1_598' title='bbox 1474 2527 1632 2600; x_wconf 88' lang='lat' dir='ltr'><strong>imperator,</strong></span> <span class='ocrx_word' id='word_1_599' title='bbox 1644 2535 1693 2591; x_wconf 87' lang='lat' dir='ltr'><strong>sed</strong></span> <span class='ocrx_word' id='word_1_600' title='bbox 1718 2544 1746 2591; x_wconf 91' lang='lat' dir='ltr'><strong>et</strong></span> <span class='ocrx_word' id='word_1_601' title='bbox 1770 2546 1913 2609; x_wconf 85' lang='lat' dir='ltr'><strong>postqrtttttt</strong></span> 
     </span>
     <span class='ocr_line' id='line_1_84' title="bbox 1122 2614 1912 2709; baseline 0.028 -43"><span class='ocrx_word' id='word_1_602' title='bbox 1122 2627 1154 2667; x_wconf 84' lang='lat' dir='ltr'><strong>ex</strong></span> <span class='ocrx_word' id='word_1_603' title='bbox 1170 2614 1236 2671; x_wconf 85' lang='lat' dir='ltr'><strong>urbe</strong></span> <span class='ocrx_word' id='word_1_604' title='bbox 1245 2618 1371 2673; x_wconf 87' lang='lat' dir='ltr'><strong>sacerdos</strong></span> <span class='ocrx_word' id='word_1_605' title='bbox 1381 2621 1463 2675; x_wconf 85' lang='lat' dir='ltr'><strong>exirit</strong></span> <span class='ocrx_word' id='word_1_606' title='bbox 1473 2632 1500 2677; x_wconf 90' lang='lat' dir='ltr'><strong>et</strong></span> <span class='ocrx_word' id='word_1_607' title='bbox 1514 2626 1670 2693; x_wconf 86' lang='lat' dir='ltr'><strong>pertransiit</strong></span> <span class='ocrx_word' id='word_1_608' title='bbox 1683 2642 1767 2695; x_wconf 91' lang='lat' dir='ltr'><strong>mare,</strong></span> <span class='ocrx_word' id='word_1_609' title='bbox 1792 2630 1865 2709; x_wconf 83' lang='lat' dir='ltr'><strong>misit</strong></span> <span class='ocrx_word' id='word_1_610' title='bbox 1875 2629 1912 2687; x_wconf 83' lang='lat' dir='ltr'><strong>sd</strong></span> 
     </span>
     <span class='ocr_line' id='line_1_85' title="bbox 1122 2710 1912 2793; baseline 0.028 -33"><span class='ocrx_word' id='word_1_611' title='bbox 1122 2710 1328 2779; x_wconf 84' lang='lat' dir='ltr'><strong>curratquosdam,</strong></span> <span class='ocrx_word' id='word_1_612' title='bbox 1340 2712 1477 2770; x_wconf 89' lang='lat' dir='ltr'><strong>sciscitans</strong></span> <span class='ocrx_word' id='word_1_613' title='bbox 1492 2723 1520 2771; x_wconf 90' lang='lat' dir='ltr'><strong>et</strong></span> <span class='ocrx_word' id='word_1_614' title='bbox 1534 2728 1667 2789; x_wconf 79' lang='lat' dir='ltr'><strong>satagens,</strong></span> <span class='ocrx_word' id='word_1_615' title='bbox 1681 2734 1715 2775; x_wconf 90' lang='lat' dir='ltr'><strong>ne</strong></span> <span class='ocrx_word' id='word_1_616' title='bbox 1728 2720 1798 2779; x_wconf 87' lang='lat' dir='ltr'><strong>torte</strong></span> <span class='ocrx_word' id='word_1_617' title='bbox 1808 2730 1912 2793; x_wconf 85' lang='lat' dir='ltr'><strong>tempus</strong></span> 
     </span>
     <span class='ocr_line' id='line_1_86' title="bbox 1116 2806 1911 2881; baseline 0.013 -22"><span class='ocrx_word' id='word_1_618' title='bbox 1116 2812 1254 2867; x_wconf 55' lang='lat' dir='ltr'><strong>,tereretur</strong></span> <span class='ocrx_word' id='word_1_619' title='bbox 1281 2815 1309 2859; x_wconf 90' lang='lat' dir='ltr'><strong>et</strong></span> <span class='ocrx_word' id='word_1_620' title='bbox 1330 2806 1431 2863; x_wconf 84' lang='lat' dir='ltr'><strong>ciuitati</strong></span> <span class='ocrx_word' id='word_1_621' title='bbox 1455 2810 1617 2881; x_wconf 84' lang='lat' dir='ltr'><strong>uoluptatem</strong></span> <span class='ocrx_word' id='word_1_622' title='bbox 1642 2812 1815 2879; x_wconf 87' lang='lat' dir='ltr'><strong>diminueret,</strong></span> <span class='ocrx_word' id='word_1_623' title='bbox 1836 2826 1911 2871; x_wconf 82' lang='lat' dir='ltr'><strong>extra</strong></span> 
     </span>
     <span class='ocr_line' id='line_1_87' title="bbox 1119 2899 1913 2983; baseline 0.015 -31"><span class='ocrx_word' id='word_1_624' title='bbox 1119 2899 1215 2972; x_wconf 75' lang='lat' dir='ltr'><strong>¹urbem</strong></span> <span class='ocrx_word' id='word_1_625' title='bbox 1226 2900 1424 2983; x_wconf 85' lang='lat' dir='ltr'><strong>solemnitatem</strong></span> <span class='ocrx_word' id='word_1_626' title='bbox 1439 2916 1578 2976; x_wconf 85' lang='lat' dir='ltr'><strong>peragens.</strong></span> <span class='ocrx_word' id='word_1_627' title='bbox 1595 2906 1659 2975; x_wconf 84' lang='lat' dir='ltr'><strong>eris</strong></span> <span class='ocrx_word' id='word_1_628' title='bbox 1676 2917 1750 2977; x_wconf 86' lang='lat' dir='ltr'><strong>pater·</strong></span> <span class='ocrx_word' id='word_1_629' title='bbox 1762 2910 1834 2963; x_wconf 89' lang='lat' dir='ltr'><strong>mitis</strong></span> <span class='ocrx_word' id='word_1_630' title='bbox 1852 2918 1913 2963; x_wconf 88' lang='lat' dir='ltr'><strong>tau·</strong></span> 
     </span>
     <span class='ocr_line' id='line_1_88' title="bbox 1118 2990 1910 3087; baseline 0.018 -44"><span class='ocrx_word' id='word_1_631' title='bbox 1118 2998 1175 3058; x_wconf 25' lang='lat' dir='ltr'><strong>,tam</strong></span> <span class='ocrx_word' id='word_1_632' title='bbox 1190 2990 1224 3046; x_wconf 90' lang='lat' dir='ltr'><strong>de</strong></span> <span class='ocrx_word' id='word_1_633' title='bbox 1236 2994 1425 3050; x_wconf 86' lang='lat' dir='ltr'><strong>contumeliam</strong></span> <span class='ocrx_word' id='word_1_634' title='bbox 1440 2996 1616 3053; x_wconf 77' lang='lat' dir='ltr'><strong>inferentibus</strong></span> <span class='ocrx_word' id='word_1_635' title='bbox 1630 3013 1721 3055; x_wconf 84' lang='lat' dir='ltr'><strong>curant</strong></span> <span class='ocrx_word' id='word_1_636' title='bbox 1734 3000 1806 3071; x_wconf 87' lang='lat' dir='ltr'><strong>egiti</strong></span> <span class='ocrx_word' id='word_1_637' title='bbox 1821 3002 1910 3087; x_wconf 75' lang='lat' dir='ltr'><strong>Dicam</strong></span> 
     </span>
     <span class='ocr_line' id='line_1_89' title="bbox 1122 3084 1910 3163; baseline 0.019 -27"><span class='ocrx_word' id='word_1_638' title='bbox 1122 3091 1150 3137; x_wconf 90' lang='lat' dir='ltr'><strong>et</strong></span> <span class='ocrx_word' id='word_1_639' title='bbox 1162 3084 1240 3138; x_wconf 83' lang='lat' dir='ltr'><strong>aliana</strong></span> <span class='ocrx_word' id='word_1_640' title='bbox 1251 3084 1314 3154; x_wconf 84' lang='lat' dir='ltr'><strong>justi</strong></span> <span class='ocrx_word' id='word_1_641' title='bbox 1328 3086 1443 3145; x_wconf 88' lang='lat' dir='ltr'><strong>laudem.</strong></span> <span class='ocrx_word' id='word_1_642' title='bbox 1460 3090 1506 3147; x_wconf 91' lang='lat' dir='ltr'><strong>llis</strong></span> <span class='ocrx_word' id='word_1_643' title='bbox 1518 3092 1589 3147; x_wconf 88' lang='lat' dir='ltr'><strong>enim</strong></span> <span class='ocrx_word' id='word_1_644' title='bbox 1604 3094 1735 3163; x_wconf 88' lang='lat' dir='ltr'><strong>expeditis</strong></span> <span class='ocrx_word' id='word_1_645' title='bbox 1758 3110 1811 3151; x_wconf 93' lang='lat' dir='ltr'><strong>non</strong></span> <span class='ocrx_word' id='word_1_646' title='bbox 1835 3096 1910 3153; x_wconf 87' lang='lat' dir='ltr'><strong>lesti-</strong></span> 
     </span>
     <span class='ocr_line' id='line_1_90' title="bbox 1115 3176 1911 3255; baseline 0.018 -26"><span class='ocrx_word' id='word_1_647' title='bbox 1115 3176 1205 3245; x_wconf 53' lang='lat' dir='ltr'><strong>,uauit,</strong></span> <span class='ocrx_word' id='word_1_648' title='bbox 1219 3188 1247 3233; x_wconf 92' lang='lat' dir='ltr'><strong>ut</strong></span> <span class='ocrx_word' id='word_1_649' title='bbox 1256 3179 1324 3234; x_wconf 90' lang='lat' dir='ltr'><strong>alius</strong></span> <span class='ocrx_word' id='word_1_650' title='bbox 1335 3182 1426 3251; x_wconf 76' lang='lat' dir='ltr'><strong>gloriae</strong></span> <span class='ocrx_word' id='word_1_651' title='bbox 1435 3182 1557 3253; x_wconf 90' lang='lat' dir='ltr'><strong>cupidus,</strong></span> <span class='ocrx_word' id='word_1_652' title='bbox 1569 3186 1626 3255; x_wconf 86' lang='lat' dir='ltr'><strong>ipse</strong></span> <span class='ocrx_word' id='word_1_653' title='bbox 1639 3185 1729 3242; x_wconf 86' lang='lat' dir='ltr'><strong>literas</strong></span> <span class='ocrx_word' id='word_1_654' title='bbox 1740 3186 1812 3243; x_wconf 84' lang='lat' dir='ltr'><strong>illam</strong></span> <span class='ocrx_word' id='word_1_655' title='bbox 1827 3190 1911 3245; x_wconf 90' lang='lat' dir='ltr'><strong>tristi·</strong></span> 
     </span>
     <span class='ocr_line' id='line_1_91' title="bbox 1123 3270 1909 3349; baseline 0.018 -25"><span class='ocrx_word' id='word_1_656' title='bbox 1123 3270 1186 3326; x_wconf 88' lang='lat' dir='ltr'><strong>tiam</strong></span> <span class='ocrx_word' id='word_1_657' title='bbox 1200 3272 1336 3330; x_wconf 85' lang='lat' dir='ltr'><strong>soluentes</strong></span> <span class='ocrx_word' id='word_1_658' title='bbox 1350 3273 1472 3341; x_wconf 80' lang='lat' dir='ltr'><strong>deierre3</strong></span> <span class='ocrx_word' id='word_1_659' title='bbox 1495 3274 1541 3332; x_wconf 87' lang='lat' dir='ltr'><strong>sed</strong></span> <span class='ocrx_word' id='word_1_660' title='bbox 1564 3280 1687 3348; x_wconf 81' lang='lat' dir='ltr'><strong>quioniam</strong></span> <span class='ocrx_word' id='word_1_661' title='bbox 1711 3280 1809 3337; x_wconf 90' lang='lat' dir='ltr'><strong>lentius</strong></span> <span class='ocrx_word' id='word_1_662' title='bbox 1834 3282 1909 3349; x_wconf 88' lang='lat' dir='ltr'><strong>ibat,</strong></span> 
     </span>
     <span class='ocr_line' id='line_1_92' title="bbox 1123 3364 1911 3445; baseline 0.019 -28"><span class='ocrx_word' id='word_1_663' title='bbox 1123 3364 1204 3419; x_wconf 89' lang='lat' dir='ltr'><strong>alium</strong></span> <span class='ocrx_word' id='word_1_664' title='bbox 1217 3367 1358 3435; x_wconf 86' lang='lat' dir='ltr'><strong>quemdam</strong></span> <span class='ocrx_word' id='word_1_665' title='bbox 1375 3370 1502 3425; x_wconf 89' lang='lat' dir='ltr'><strong>uelociter</strong></span> <span class='ocrx_word' id='word_1_666' title='bbox 1517 3372 1637 3441; x_wconf 89' lang='lat' dir='ltr'><strong>equitare</strong></span> <span class='ocrx_word' id='word_1_667' title='bbox 1656 3372 1764 3429; x_wconf 88' lang='lat' dir='ltr'><strong>doctum</strong></span> <span class='ocrx_word' id='word_1_668' title='bbox 1788 3388 1817 3431; x_wconf 89' lang='lat' dir='ltr'><strong>se</strong></span> <span class='ocrx_word' id='word_1_669' title='bbox 1840 3388 1911 3445; x_wconf 77' lang='lat' dir='ltr'><strong>prae·</strong></span> 
     </span>
    </p>
   </div>
   <div class='ocr_carea' id='block_1_8' title="bbox 1115 3458 1912 3534">
    <p class='ocr_par' dir='ltr' id='par_1_10' title="bbox 1115 3458 1912 3534">
     <span class='ocr_line' id='line_1_93' title="bbox 1115 3458 1912 3534; baseline 0.024 -31"><span class='ocrx_word' id='word_1_670' title='bbox 1115 3464 1227 3511; x_wconf 81' lang='lat' dir='ltr'><strong>‚uertere</strong></span> <span class='ocrx_word' id='word_1_671' title='bbox 1239 3458 1350 3527; x_wconf 85' lang='lat' dir='ltr'><strong>rogauit,</strong></span> <span class='ocrx_word' id='word_1_672' title='bbox 1367 3467 1394 3514; x_wconf 88' lang='lat' dir='ltr'><strong>ct</strong></span> <span class='ocrx_word' id='word_1_673' title='bbox 1404 3460 1472 3515; x_wconf 88' lang='lat' dir='ltr'><strong>bona</strong></span> <span class='ocrx_word' id='word_1_674' title='bbox 1483 3462 1587 3517; x_wconf 85' lang='lat' dir='ltr'><strong>ciuitati</strong></span> <span class='ocrx_word' id='word_1_675' title='bbox 1598 3464 1690 3519; x_wconf 87' lang='lat' dir='ltr'><strong>nuntia</strong></span> <span class='ocrx_word' id='word_1_676' title='bbox 1701 3463 1809 3534; x_wconf 84' lang='lat' dir='ltr'><strong>allerrc,</strong></span> <span class='ocrx_word' id='word_1_677' title='bbox 1832 3480 1865 3521; x_wconf 88' lang='lat' dir='ltr'><strong>ne</strong></span> <span class='ocrx_word' id='word_1_678' title='bbox 1878 3480 1912 3522; x_wconf 89' lang='lat' dir='ltr'><strong>ex</strong></span> 
     </span>
    </p>
   </div>
   <div class='ocr_carea' id='block_1_9' title="bbox 1116 3552 1914 4927">
    <p class='ocr_par' dir='ltr' id='par_1_11' title="bbox 1116 3552 1914 3905">
     <span class='ocr_line' id='line_1_94' title="bbox 1116 3552 1913 3643; baseline 0.015 -38"><span class='ocrx_word' id='word_1_679' title='bbox 1116 3552 1273 3613; x_wconf 85' lang='lat' dir='ltr'><strong>¹reditussui</strong></span> <span class='ocrx_word' id='word_1_680' title='bbox 1296 3553 1443 3611; x_wconf 86' lang='lat' dir='ltr'><strong>tardatione</strong></span> <span class='ocrx_word' id='word_1_681' title='bbox 1471 3557 1576 3613; x_wconf 89' lang='lat' dir='ltr'><strong>tristitia</strong></span> <span class='ocrx_word' id='word_1_682' title='bbox 1601 3558 1813 3643; x_wconf 85' lang='lat' dir='ltr'><strong>prolongaretur.</strong></span> <span class='ocrx_word' id='word_1_683' title='bbox 1836 3559 1913 3629; x_wconf 83' lang='lat' dir='ltr'><strong>Quod</strong></span> 
     </span>
     <span class='ocr_line' id='line_1_95' title="bbox 1122 3645 1914 3722; baseline 0.01 -23"><span class='ocrx_word' id='word_1_684' title='bbox 1122 3645 1194 3699; x_wconf 86' lang='lat' dir='ltr'><strong>enin</strong></span> <span class='ocrx_word' id='word_1_685' title='bbox 1216 3646 1274 3713; x_wconf 88' lang='lat' dir='ltr'><strong>ipse</strong></span> <span class='ocrx_word' id='word_1_686' title='bbox 1286 3646 1431 3715; x_wconf 78' lang='lat' dir='ltr'><strong>querebat,</strong></span> <span class='ocrx_word' id='word_1_687' title='bbox 1445 3649 1531 3704; x_wconf 88' lang='lat' dir='ltr'><strong>solum</strong></span> <span class='ocrx_word' id='word_1_688' title='bbox 1544 3661 1614 3715; x_wconf 78' lang='lat' dir='ltr'><strong>erat,-</strong></span> <span class='ocrx_word' id='word_1_689' title='bbox 1625 3666 1678 3709; x_wconf 89' lang='lat' dir='ltr'><strong>non</strong></span> <span class='ocrx_word' id='word_1_690' title='bbox 1698 3659 1726 3707; x_wconf 92' lang='lat' dir='ltr'><strong>ut</strong></span> <span class='ocrx_word' id='word_1_691' title='bbox 1740 3654 1796 3722; x_wconf 87' lang='lat' dir='ltr'><strong>ipse</strong></span> <span class='ocrx_word' id='word_1_692' title='bbox 1810 3654 1914 3709; x_wconf 84' lang='lat' dir='ltr'><strong>reniret</strong></span> 
     </span>
     <span class='ocr_line' id='line_1_96' title="bbox 1121 3737 1911 3815; baseline 0.01 -22"><span class='ocrx_word' id='word_1_693' title='bbox 1121 3738 1190 3793; x_wconf 90' lang='lat' dir='ltr'><strong>bona</strong></span> <span class='ocrx_word' id='word_1_694' title='bbox 1204 3737 1260 3794; x_wconf 86' lang='lat' dir='ltr'><strong>lraee</strong></span> <span class='ocrx_word' id='word_1_695' title='bbox 1273 3738 1407 3795; x_wconf 74' lang='lat' dir='ltr'><strong>deserens:</strong></span> <span class='ocrx_word' id='word_1_696' title='bbox 1419 3740 1560 3813; x_wconf 82' lang='lat' dir='ltr'><strong>uttluptatis</strong></span> <span class='ocrx_word' id='word_1_697' title='bbox 1570 3806 1572 3812; x_wconf 40' lang='lat'><strong>.</strong></span> <span class='ocrx_word' id='word_1_698' title='bbox 1584 3744 1673 3799; x_wconf 78' lang='lat' dir='ltr'><strong>inultae</strong></span> <span class='ocrx_word' id='word_1_699' title='bbox 1697 3743 1785 3815; x_wconf 85' lang='lat' dir='ltr'><strong>plena,</strong></span> <span class='ocrx_word' id='word_1_700' title='bbox 1809 3743 1856 3801; x_wconf 91' lang='lat' dir='ltr'><strong>sed</strong></span> <span class='ocrx_word' id='word_1_701' title='bbox 1882 3754 1911 3801; x_wconf 89' lang='lat' dir='ltr'><strong>ut</strong></span> 
     </span>
     <span class='ocr_line' id='line_1_97' title="bbox 1122 3833 1557 3905; baseline 0.007 -19"><span class='ocrx_word' id='word_1_702' title='bbox 1122 3846 1205 3903; x_wconf 80' lang='lat' dir='ltr'><strong>ocyus</strong></span> <span class='ocrx_word' id='word_1_703' title='bbox 1215 3833 1292 3889; x_wconf 90' lang='lat' dir='ltr'><strong>nobis</strong></span> <span class='ocrx_word' id='word_1_704' title='bbox 1304 3835 1387 3903; x_wconf 90' lang='lat' dir='ltr'><strong>patria</strong></span> <span class='ocrx_word' id='word_1_705' title='bbox 1402 3836 1557 3905; x_wconf 86' lang='lat' dir='ltr'><strong>respiraret.</strong></span> 
     </span>
    </p>

    <p class='ocr_par' dir='ltr' id='par_1_12' title="bbox 1117 3924 1913 4927">
     <span class='ocr_line' id='line_1_98' title="bbox 1117 3924 1912 4003; baseline 0.013 -26"><span class='ocrx_word' id='word_1_706' title='bbox 1117 3962 1122 3966; x_wconf 91' lang='lat'>-</span> <span class='ocrx_word' id='word_1_707' title='bbox 1157 3924 1320 3981; x_wconf 80' lang='lat' dir='ltr'><strong>Lectisternio</strong></span> <span class='ocrx_word' id='word_1_708' title='bbox 1332 3928 1359 3981; x_wconf 89' lang='lat' dir='ltr'><strong>io</strong></span> <span class='ocrx_word' id='word_1_709' title='bbox 1371 3928 1444 3983; x_wconf 82' lang='lat' dir='ltr'><strong>rebus</strong></span> <span class='ocrx_word' id='word_1_710' title='bbox 1463 3928 1538 3985; x_wconf 76' lang='lat' dir='ltr'><strong>ictis.</strong></span> <span class='ocrx_word' id='word_1_711' title='bbox 1550 3960 1586 3973; x_wconf 82' lang='lat'><em>-</em></span> <span class='ocrx_word' id='word_1_712' title='bbox 1596 3930 1672 3998; x_wconf 81' lang='lat' dir='ltr'><strong>Quod</strong></span> <span class='ocrx_word' id='word_1_713' title='bbox 1692 3932 1772 4003; x_wconf 87' lang='lat' dir='ltr'><strong>igitur</strong></span> <span class='ocrx_word' id='word_1_714' title='bbox 1787 3940 1850 3987; x_wconf 91' lang='lat' dir='ltr'><strong>tunc</strong></span> <span class='ocrx_word' id='word_1_715' title='bbox 1873 3931 1912 3987; x_wconf 87' lang='lat' dir='ltr'><strong>ie-</strong></span> 
     </span>
     <span class='ocr_line' id='line_1_99' title="bbox 1121 4017 1913 4093; baseline 0.011 -21"><span class='ocrx_word' id='word_1_716' title='bbox 1121 4019 1206 4085; x_wconf 89' lang='lat' dir='ltr'><strong>cistis,</strong></span> <span class='ocrx_word' id='word_1_717' title='bbox 1221 4017 1308 4076; x_wconf 84' lang='lat' dir='ltr'><strong>iorum</strong></span> <span class='ocrx_word' id='word_1_718' title='bbox 1319 4031 1489 4089; x_wconf 88' lang='lat' dir='ltr'><strong>coronantes,</strong></span> <span class='ocrx_word' id='word_1_719' title='bbox 1504 4032 1531 4079; x_wconf 90' lang='lat' dir='ltr'><strong>et</strong></span> <span class='ocrx_word' id='word_1_720' title='bbox 1544 4024 1666 4081; x_wconf 83' lang='lat' dir='ltr'><strong>lucernas</strong></span> <span class='ocrx_word' id='word_1_721' title='bbox 1679 4025 1868 4093; x_wconf 87' lang='lat' dir='ltr'><strong>accendentes,</strong></span> <span class='ocrx_word' id='word_1_722' title='bbox 1885 4036 1913 4081; x_wconf 88' lang='lat' dir='ltr'><strong>et</strong></span> 
     </span>
     <span class='ocr_line' id='line_1_100' title="bbox 1122 4096 1913 4187; baseline 0.008 -22"><span class='ocrx_word' id='word_1_723' title='bbox 1122 4110 1207 4165; x_wconf 88' lang='lat' dir='ltr'><strong>lectos</strong></span> <span class='ocrx_word' id='word_1_724' title='bbox 1217 4122 1279 4167; x_wconf 88' lang='lat' dir='ltr'><strong>aute</strong></span> <span class='ocrx_word' id='word_1_725' title='bbox 1292 4111 1413 4170; x_wconf 84' lang='lat' dir='ltr'><strong>cilicinas</strong></span> <span class='ocrx_word' id='word_1_726' title='bbox 1425 4096 1627 4185; x_wconf 80' lang='lat' dir='ltr'><strong>componentes,</strong></span> <span class='ocrx_word' id='word_1_727' title='bbox 1643 4128 1670 4172; x_wconf 91' lang='lat' dir='ltr'><strong>et</strong></span> <span class='ocrx_word' id='word_1_728' title='bbox 1683 4126 1817 4187; x_wconf 85' lang='lat' dir='ltr'><strong>tarttquam</strong></span> <span class='ocrx_word' id='word_1_729' title='bbox 1827 4130 1913 4186; x_wconf 91' lang='lat' dir='ltr'><strong>nuper</strong></span> 
     </span>
     <span class='ocr_line' id='line_1_101' title="bbox 1120 4204 1912 4282; baseline 0.013 -25"><span class='ocrx_word' id='word_1_730' title='bbox 1120 4204 1230 4259; x_wconf 85' lang='lat' dir='ltr'><strong>ciuitate</strong></span> <span class='ocrx_word' id='word_1_731' title='bbox 1244 4214 1305 4261; x_wconf 88' lang='lat' dir='ltr'><strong>nata</strong></span> <span class='ocrx_word' id='word_1_732' title='bbox 1317 4247 1326 4273; x_wconf 92' lang='lat'><strong>,</strong></span> <span class='ocrx_word' id='word_1_733' title='bbox 1338 4205 1435 4263; x_wconf 82' lang='lat' dir='ltr'><strong>testum</strong></span> <span class='ocrx_word' id='word_1_734' title='bbox 1447 4218 1575 4279; x_wconf 84' lang='lat' dir='ltr'><strong>agentes,</strong></span> <span class='ocrx_word' id='word_1_735' title='bbox 1599 4210 1650 4266; x_wconf 90' lang='lat' dir='ltr'><strong>boe</strong></span> <span class='ocrx_word' id='word_1_736' title='bbox 1673 4211 1750 4268; x_wconf 85' lang='lat' dir='ltr'><strong>aliter</strong></span> <span class='ocrx_word' id='word_1_737' title='bbox 1772 4226 1820 4282; x_wconf 91' lang='lat' dir='ltr'><strong>per</strong></span> <span class='ocrx_word' id='word_1_738' title='bbox 1832 4224 1912 4267; x_wconf 88' lang='lat' dir='ltr'><strong>omne</strong></span> 
     </span>
     <span class='ocr_line' id='line_1_102' title="bbox 1122 4293 1913 4368; baseline 0.01 -20"><span class='ocrx_word' id='word_1_739' title='bbox 1122 4293 1202 4351; x_wconf 87' lang='lat' dir='ltr'><strong>iscite</strong></span> <span class='ocrx_word' id='word_1_740' title='bbox 1216 4304 1332 4368; x_wconf 89' lang='lat' dir='ltr'><strong>tempus,</strong></span> <span class='ocrx_word' id='word_1_741' title='bbox 1349 4315 1402 4353; x_wconf 92' lang='lat' dir='ltr'><strong>non</strong></span> <span class='ocrx_word' id='word_1_742' title='bbox 1417 4300 1540 4366; x_wconf 84' lang='lat' dir='ltr'><strong>floribus,</strong></span> <span class='ocrx_word' id='word_1_743' title='bbox 1554 4302 1601 4358; x_wconf 90' lang='lat' dir='ltr'><strong>sed</strong></span> <span class='ocrx_word' id='word_1_744' title='bbox 1613 4304 1710 4361; x_wconf 84' lang='lat' dir='ltr'><strong>uirtute</strong></span> <span class='ocrx_word' id='word_1_745' title='bbox 1720 4317 1766 4358; x_wconf 82' lang='lat' dir='ltr'><strong>uos</strong></span> <span class='ocrx_word' id='word_1_746' title='bbox 1779 4315 1913 4359; x_wconf 81' lang='lat' dir='ltr'><strong>coronati·</strong></span> 
     </span>
     <span class='ocr_line' id='line_1_103' title="bbox 1121 4389 1910 4462; baseline 0.014 -20"><span class='ocrx_word' id='word_1_747' title='bbox 1121 4389 1276 4455; x_wconf 86' lang='lat' dir='ltr'><strong>tes,·lumen</strong></span> <span class='ocrx_word' id='word_1_748' title='bbox 1291 4406 1338 4460; x_wconf 92' lang='lat' dir='ltr'><strong>per</strong></span> <span class='ocrx_word' id='word_1_749' title='bbox 1358 4406 1437 4462; x_wconf 87' lang='lat' dir='ltr'><strong>opera</strong></span> <span class='ocrx_word' id='word_1_750' title='bbox 1453 4394 1480 4448; x_wconf 91' lang='lat' dir='ltr'><strong>in</strong></span> <span class='ocrx_word' id='word_1_751' title='bbox 1494 4395 1581 4450; x_wconf 88' lang='lat' dir='ltr'><strong>anima</strong></span> <span class='ocrx_word' id='word_1_752' title='bbox 1603 4404 1692 4452; x_wconf 87' lang='lat' dir='ltr'><strong>uestra</strong></span> <span class='ocrx_word' id='word_1_753' title='bbox 1715 4397 1910 4462; x_wconf 84' lang='lat' dir='ltr'><strong>accendentes,</strong></span> 
     </span>
     <span class='ocr_line' id='line_1_104' title="bbox 1123 4480 1913 4558; baseline 0.011 -22"><span class='ocrx_word' id='word_1_754' title='bbox 1123 4480 1253 4549; x_wconf 88' lang='lat' dir='ltr'><strong>spirituali</strong></span> <span class='ocrx_word' id='word_1_755' title='bbox 1267 4481 1413 4553; x_wconf 87' lang='lat' dir='ltr'><strong>gaudentes</strong></span> <span class='ocrx_word' id='word_1_756' title='bbox 1427 4484 1529 4550; x_wconf 78' lang='lat' dir='ltr'><strong>latitia,</strong></span> <span class='ocrx_word' id='word_1_757' title='bbox 1551 4496 1579 4541; x_wconf 89' lang='lat' dir='ltr'><strong>ct</strong></span> <span class='ocrx_word' id='word_1_758' title='bbox 1591 4488 1646 4542; x_wconf 88' lang='lat' dir='ltr'><strong>ileo</strong></span> <span class='ocrx_word' id='word_1_759' title='bbox 1670 4488 1780 4545; x_wconf 87' lang='lat' dir='ltr'><strong>assidue</strong></span> <span class='ocrx_word' id='word_1_760' title='bbox 1802 4504 1850 4558; x_wconf 92' lang='lat' dir='ltr'><strong>pro</strong></span> <span class='ocrx_word' id='word_1_761' title='bbox 1870 4488 1913 4545; x_wconf 87' lang='lat' dir='ltr'><strong>his</strong></span> 
     </span>
     <span class='ocr_line' id='line_1_105' title="bbox 1121 4572 1909 4649; baseline 0.013 -23"><span class='ocrx_word' id='word_1_762' title='bbox 1121 4572 1245 4627; x_wconf 88' lang='lat' dir='ltr'><strong>erunibus</strong></span> <span class='ocrx_word' id='word_1_763' title='bbox 1259 4576 1358 4644; x_wconf 82' lang='lat' dir='ltr'><strong>gratias</strong></span> <span class='ocrx_word' id='word_1_764' title='bbox 1372 4592 1450 4647; x_wconf 89' lang='lat' dir='ltr'><strong>agere</strong></span> <span class='ocrx_word' id='word_1_765' title='bbox 1463 4591 1518 4633; x_wconf 92' lang='lat' dir='ltr'><strong>nott</strong></span> <span class='ocrx_word' id='word_1_766' title='bbox 1527 4576 1681 4635; x_wconf 81' lang='lat' dir='ltr'><strong>desinamus</strong></span> <span class='ocrx_word' id='word_1_767' title='bbox 1704 4598 1711 4634; x_wconf 94' lang='lat'>:</span> <span class='ocrx_word' id='word_1_768' title='bbox 1738 4596 1791 4649; x_wconf 88' lang='lat' dir='ltr'><strong>npn</strong></span> <span class='ocrx_word' id='word_1_769' title='bbox 1805 4589 1909 4636; x_wconf 73' lang='lat' dir='ltr'><strong>mittum</strong></span> 
     </span>
     <span class='ocr_line' id='line_1_106' title="bbox 1121 4666 1913 4743; baseline 0.008 -22"><span class='ocrx_word' id='word_1_770' title='bbox 1121 4666 1246 4736; x_wconf 83' lang='lat' dir='ltr'><strong>querulam</strong></span> <span class='ocrx_word' id='word_1_771' title='bbox 1260 4668 1350 4737; x_wconf 83' lang='lat' dir='ltr'><strong>grauia</strong></span> <span class='ocrx_word' id='word_1_772' title='bbox 1365 4669 1454 4736; x_wconf 82' lang='lat' dir='ltr'><strong>soluit,</strong></span> <span class='ocrx_word' id='word_1_773' title='bbox 1470 4684 1563 4729; x_wconf 86' lang='lat' dir='ltr'><strong>uerum</strong></span> <span class='ocrx_word' id='word_1_774' title='bbox 1577 4672 1702 4743; x_wconf 87' lang='lat' dir='ltr'><strong>quoniam</strong></span> <span class='ocrx_word' id='word_1_775' title='bbox 1723 4680 1751 4727; x_wconf 93' lang='lat' dir='ltr'><strong>et</strong></span> <span class='ocrx_word' id='word_1_776' title='bbox 1772 4672 1827 4742; x_wconf 89' lang='lat' dir='ltr'><strong>ipsa</strong></span> <span class='ocrx_word' id='word_1_777' title='bbox 1855 4672 1913 4727; x_wconf 84' lang='lat' dir='ltr'><strong>deri</strong></span> 
     </span>
     <span class='ocr_line' id='line_1_107' title="bbox 1122 4760 1913 4835; baseline 0.008 -22"><span class='ocrx_word' id='word_1_778' title='bbox 1122 4760 1288 4829; x_wconf 86' lang='lat' dir='ltr'><strong>permisit,ei</strong></span> <span class='ocrx_word' id='word_1_779' title='bbox 1305 4762 1416 4817; x_wconf 89' lang='lat' dir='ltr'><strong>multum</strong></span> <span class='ocrx_word' id='word_1_780' title='bbox 1431 4764 1481 4833; x_wconf 87' lang='lat' dir='ltr'><strong>ipsi</strong></span> <span class='ocrx_word' id='word_1_781' title='bbox 1496 4779 1545 4820; x_wconf 88' lang='lat' dir='ltr'><strong>nos</strong></span> <span class='ocrx_word' id='word_1_782' title='bbox 1557 4765 1656 4821; x_wconf 88' lang='lat' dir='ltr'><strong>debere</strong></span> <span class='ocrx_word' id='word_1_783' title='bbox 1667 4764 1854 4829; x_wconf 66' lang='lat' dir='ltr'><strong>confiteamun</strong></span> <span class='ocrx_word' id='word_1_784' title='bbox 1866 4780 1913 4835; x_wconf 87' lang='lat' dir='ltr'><strong>per</strong></span> 
     </span>
     <span class='ocr_line' id='line_1_108' title="bbox 1121 4854 1912 4927; baseline 0 -14"><span class='ocrx_word' id='word_1_785' title='bbox 1121 4868 1233 4927; x_wconf 89' lang='lat' dir='ltr'><strong>utraque</strong></span> <span class='ocrx_word' id='word_1_786' title='bbox 1247 4858 1318 4911; x_wconf 91' lang='lat' dir='ltr'><strong>enim</strong></span> <span class='ocrx_word' id='word_1_787' title='bbox 1340 4854 1571 4912; x_wconf 76' lang='lat' dir='ltr'><strong>nobis&#39;civitatem</strong></span> <span class='ocrx_word' id='word_1_788' title='bbox 1599 4859 1714 4913; x_wconf 87' lang='lat' dir='ltr'><strong>ornauit.</strong></span> <span class='ocrx_word' id='word_1_789' title='bbox 1741 4858 1803 4913; x_wconf 78' lang='lat' dir='ltr'><strong>llaec</strong></span> <span class='ocrx_word' id='word_1_790' title='bbox 1822 4867 1912 4913; x_wconf 89' lang='lat' dir='ltr'><strong>autern</strong></span> 
     </span>
    </p>
   </div>
   <div class='ocr_carea' id='block_1_10' title="bbox 1109 4947 1914 5021">
    <p class='ocr_par' dir='ltr' id='par_1_13' title="bbox 1109 4947 1914 5021">
     <span class='ocr_line' id='line_1_109' title="bbox 1109 4947 1914 5021; baseline -0.001 -17"><span class='ocrx_word' id='word_1_791' title='bbox 1109 4952 1221 5016; x_wconf 84' lang='lat' dir='ltr'><strong>omnia,</strong></span> <span class='ocrx_word' id='word_1_792' title='bbox 1236 4950 1382 5004; x_wconf 89' lang='lat' dir='ltr'><strong>seeundum</strong></span> <span class='ocrx_word' id='word_1_793' title='bbox 1395 4947 1579 5018; x_wconf 86' lang='lat' dir='ltr'><strong>propheticum</strong></span> <span class='ocrx_word' id='word_1_794' title='bbox 1592 4948 1914 5021; x_wconf 75' lang='lat' dir='ltr'><strong>eloquiumtttttsvesuts</strong></span> 
     </span>
    </p>
   </div>
   <div class='ocr_carea' id='block_1_11' title="bbox 1119 5028 1975 5957">
    <p class='ocr_par' dir='ltr' id='par_1_14' title="bbox 1119 5028 1975 5957">
     <span class='ocr_line' id='line_1_110' title="bbox 1121 5028 1910 5109; baseline -0.001 -14"><span class='ocrx_word' id='word_1_795' title='bbox 1121 5028 1289 5105; x_wconf 84' lang='lat' dir='ltr'><strong>annuntiate,</strong></span> <span class='ocrx_word' id='word_1_796' title='bbox 1304 5049 1331 5096; x_wconf 88' lang='lat' dir='ltr'><strong>et</strong></span> <span class='ocrx_word' id='word_1_797' title='bbox 1342 5040 1387 5093; x_wconf 85' lang='lat' dir='ltr'><strong>sulii</strong></span> <span class='ocrx_word' id='word_1_798' title='bbox 1403 5042 1484 5093; x_wconf 81' lang='lat' dir='ltr'><strong>vestri</strong></span> <span class='ocrx_word' id='word_1_799' title='bbox 1498 5040 1634 5104; x_wconf 86' lang='lat' dir='ltr'><strong>tiliissuis,</strong></span> <span class='ocrx_word' id='word_1_800' title='bbox 1651 5050 1678 5095; x_wconf 90' lang='lat' dir='ltr'><strong>et</strong></span> <span class='ocrx_word' id='word_1_801' title='bbox 1689 5039 1727 5095; x_wconf 90' lang='lat' dir='ltr'><strong>illi</strong></span> <span class='ocrx_word' id='word_1_802' title='bbox 1745 5055 1850 5096; x_wconf 88' lang='lat' dir='ltr'><strong>rursum</strong></span> <span class='ocrx_word' id='word_1_803' title='bbox 1864 5056 1910 5109; x_wconf 82' lang='lat' dir='ltr'><strong>ge-</strong></span> 
     </span>
     <span class='ocr_line' id='line_1_111' title="bbox 1121 5127 1913 5205; baseline 0 -16"><span class='ocrx_word' id='word_1_804' title='bbox 1121 5127 1380 5202; x_wconf 81' lang='lat' dir='ltr'><strong>nerattooi&#39;postera</strong></span> <span class='ocrx_word' id='word_1_805' title='bbox 1393 5131 1470 5201; x_wconf 78' lang='lat' dir='ltr'><strong>(ieet.</strong></span> <span class='ocrx_word' id='word_1_806' title='bbox 1485 5136 1510 5187; x_wconf 89' lang='lat' dir='ltr'><strong>l.</strong></span> <span class='ocrx_word' id='word_1_807' title='bbox 1525 5132 1569 5205; x_wconf 79' lang='grc'><strong>5),</strong></span> <span class='ocrx_word' id='word_1_808' title='bbox 1586 5142 1615 5187; x_wconf 85' lang='grc' dir='ltr'><strong>ιιι</strong></span> <span class='ocrx_word' id='word_1_809' title='bbox 1639 5148 1733 5189; x_wconf 90' lang='lat' dir='ltr'><strong>omnes</strong></span> <span class='ocrx_word' id='word_1_810' title='bbox 1760 5134 1805 5205; x_wconf 91' lang='lat' dir='ltr'><strong>qui</strong></span> <span class='ocrx_word' id='word_1_811' title='bbox 1829 5149 1913 5205; x_wconf 85' lang='lat' dir='ltr'><strong>usque</strong></span> 
     </span>
     <span class='ocr_line' id='line_1_112' title="bbox 1119 5225 1912 5293; baseline -0.004 -10"><span class='ocrx_word' id='word_1_812' title='bbox 1119 5226 1153 5283; x_wconf 86' lang='lat' dir='ltr'><strong>ad</strong></span> <span class='ocrx_word' id='word_1_813' title='bbox 1164 5226 1422 5283; x_wconf 85' lang='lat' dir='ltr'><strong>consummationem</strong></span> <span class='ocrx_word' id='word_1_814' title='bbox 1440 5225 1522 5283; x_wconf 85' lang='lat' dir='ltr'><strong>loturi</strong></span> <span class='ocrx_word' id='word_1_815' title='bbox 1549 5234 1620 5293; x_wconf 91' lang='lat' dir='ltr'><strong>sunt,</strong></span> <span class='ocrx_word' id='word_1_816' title='bbox 1647 5225 1697 5281; x_wconf 85' lang='lat' dir='ltr'><strong>bet</strong></span> <span class='ocrx_word' id='word_1_817' title='bbox 1718 5225 1912 5281; x_wconf 84' lang='lat' dir='ltr'><strong>humanitatem</strong></span> 
     </span>
     <span class='ocr_line' id='line_1_113' title="bbox 1120 5318 1913 5389; baseline -0.001 -14"><span class='ocrx_word' id='word_1_818' title='bbox 1120 5320 1218 5375; x_wconf 88' lang='lat' dir='ltr'><strong>civitati</strong></span> <span class='ocrx_word' id='word_1_819' title='bbox 1231 5318 1376 5375; x_wconf 84' lang='lat' dir='ltr'><strong>exhibitam</strong></span> <span class='ocrx_word' id='word_1_820' title='bbox 1389 5319 1533 5385; x_wconf 83' lang='lat' dir='ltr'><strong>discentes,</strong></span> <span class='ocrx_word' id='word_1_821' title='bbox 1560 5334 1608 5375; x_wconf 89' lang='lat' dir='ltr'><strong>uos</strong></span> <span class='ocrx_word' id='word_1_822' title='bbox 1628 5319 1736 5389; x_wconf 91' lang='lat' dir='ltr'><strong>quidem</strong></span> <span class='ocrx_word' id='word_1_823' title='bbox 1757 5319 1913 5377; x_wconf 81' lang='lat' dir='ltr'><strong>bestitlceut</strong></span> 
     </span>
     <span class='ocr_line' id='line_1_114' title="bbox 1121 5411 1913 5477; baseline -0.001 -10"><span class='ocrx_word' id='word_1_824' title='bbox 1121 5421 1221 5468; x_wconf 90' lang='lat' dir='ltr'><strong>tantam</strong></span> <span class='ocrx_word' id='word_1_825' title='bbox 1238 5420 1330 5468; x_wconf 89' lang='lat' dir='ltr'><strong>nactos</strong></span> <span class='ocrx_word' id='word_1_826' title='bbox 1344 5413 1557 5469; x_wconf 80' lang='lat' dir='ltr'><strong>beneutdeutiam</strong></span> <span class='ocrx_word' id='word_1_827' title='bbox 1571 5428 1578 5477; x_wconf 89' lang='lat'><em>;</em></span> <span class='ocrx_word' id='word_1_828' title='bbox 1593 5411 1759 5468; x_wconf 87' lang='lat' dir='ltr'><strong>admirentur</strong></span> <span class='ocrx_word' id='word_1_829' title='bbox 1772 5422 1860 5469; x_wconf 87' lang='lat' dir='ltr'><strong>autern</strong></span> <span class='ocrx_word' id='word_1_830' title='bbox 1884 5422 1913 5466; x_wconf 92' lang='lat' dir='ltr'><strong>et</strong></span> 
     </span>
     <span class='ocr_line' id='line_1_115' title="bbox 1119 5505 1975 5577; baseline -0.002 -15"><span class='ocrx_word' id='word_1_831' title='bbox 1119 5506 1256 5563; x_wconf 90' lang='lat' dir='ltr'><strong>dominum</strong></span> <span class='ocrx_word' id='word_1_832' title='bbox 1270 5518 1399 5573; x_wconf 89' lang='lat' dir='ltr'><strong>nostrum,</strong></span> <span class='ocrx_word' id='word_1_833' title='bbox 1411 5510 1455 5577; x_wconf 90' lang='lat' dir='ltr'><strong>qui</strong></span> <span class='ocrx_word' id='word_1_834' title='bbox 1465 5508 1504 5563; x_wconf 90' lang='lat' dir='ltr'><strong>sie</strong></span> <span class='ocrx_word' id='word_1_835' title='bbox 1515 5507 1613 5575; x_wconf 87' lang='lat' dir='ltr'><strong>lapsam</strong></span> <span class='ocrx_word' id='word_1_836' title='bbox 1623 5506 1757 5562; x_wconf 90' lang='lat' dir='ltr'><strong>ciuitatem</strong></span> <span class='ocrx_word' id='word_1_837' title='bbox 1766 5505 1912 5571; x_wconf 81' lang='lat' dir='ltr'><strong>rclesaut;</strong></span> <span class='ocrx_word' id='word_1_838' title='bbox 1973 5556 1975 5560; x_wconf 87' lang='lat'><strong>.</strong></span> 
     </span>
     <span class='ocr_line' id='line_1_116' title="bbox 1121 5597 1912 5669; baseline -0.003 -16"><span class='ocrx_word' id='word_1_839' title='bbox 1121 5599 1296 5655; x_wconf 81' lang='lat' dir='ltr'><strong>inoreuturet</strong></span> <span class='ocrx_word' id='word_1_840' title='bbox 1308 5600 1367 5669; x_wconf 87' lang='lat' dir='ltr'><strong>ipsi,</strong></span> <span class='ocrx_word' id='word_1_841' title='bbox 1386 5613 1484 5669; x_wconf 87' lang='lat' dir='ltr'><strong>perque</strong></span> <span class='ocrx_word' id='word_1_842' title='bbox 1495 5597 1586 5653; x_wconf 88' lang='lat' dir='ltr'><strong>talium</strong></span> <span class='ocrx_word' id='word_1_843' title='bbox 1596 5609 1731 5668; x_wconf 89' lang='lat' dir='ltr'><strong>gestorum</strong></span> <span class='ocrx_word' id='word_1_844' title='bbox 1741 5597 1862 5668; x_wconf 83' lang='lat' dir='ltr'><strong>exempla</strong></span> <span class='ocrx_word' id='word_1_845' title='bbox 1877 5598 1912 5651; x_wconf 89' lang='lat' dir='ltr'><strong>ad</strong></span> 
     </span>
     <span class='ocr_line' id='line_1_117' title="bbox 1120 5680 1913 5765; baseline -0.005 -17"><span class='ocrx_word' id='word_1_846' title='bbox 1120 5694 1245 5765; x_wconf 87' lang='lat' dir='ltr'><strong>pietatem</strong></span> <span class='ocrx_word' id='word_1_847' title='bbox 1261 5680 1450 5763; x_wconf 73' lang='lat' dir='ltr'><strong>impellantur:</strong></span> <span class='ocrx_word' id='word_1_848' title='bbox 1467 5704 1518 5745; x_wconf 93' lang='lat' dir='ltr'><strong>uon</strong></span> <span class='ocrx_word' id='word_1_849' title='bbox 1532 5690 1603 5745; x_wconf 92' lang='lat' dir='ltr'><strong>enim</strong></span> <span class='ocrx_word' id='word_1_850' title='bbox 1615 5702 1665 5745; x_wconf 89' lang='lat' dir='ltr'><strong>uos</strong></span> <span class='ocrx_word' id='word_1_851' title='bbox 1679 5696 1795 5755; x_wconf 76' lang='lat' dir='ltr'><strong>uotum,</strong></span> <span class='ocrx_word' id='word_1_852' title='bbox 1810 5689 1832 5745; x_wconf 89' lang='lat' dir='ltr'><strong>sl</strong></span> <span class='ocrx_word' id='word_1_853' title='bbox 1844 5688 1913 5759; x_wconf 87' lang='lat' dir='ltr'><strong>ipso·</strong></span> 
     </span>
     <span class='ocr_line' id='line_1_118' title="bbox 1119 5785 1911 5855; baseline -0.008 -12"><span class='ocrx_word' id='word_1_854' title='bbox 1119 5803 1178 5843; x_wconf 89' lang='lat' dir='ltr'><strong>rum</strong></span> <span class='ocrx_word' id='word_1_855' title='bbox 1190 5802 1296 5855; x_wconf 87' lang='lat' dir='ltr'><strong>semper</strong></span> <span class='ocrx_word' id='word_1_856' title='bbox 1311 5785 1494 5852; x_wconf 87' lang='lat' dir='ltr'><strong>recordemur,</strong></span> <span class='ocrx_word' id='word_1_857' title='bbox 1507 5797 1598 5839; x_wconf 88' lang='lat' dir='ltr'><strong>uerum</strong></span> <span class='ocrx_word' id='word_1_858' title='bbox 1613 5792 1641 5838; x_wconf 91' lang='lat' dir='ltr'><strong>et</strong></span> <span class='ocrx_word' id='word_1_859' title='bbox 1653 5790 1792 5853; x_wconf 88' lang='lat' dir='ltr'><strong>posteros,</strong></span> <span class='ocrx_word' id='word_1_860' title='bbox 1817 5795 1911 5837; x_wconf 85' lang='lat' dir='ltr'><strong>corant</strong></span> 
     </span>
     <span class='ocr_line' id='line_1_119' title="bbox 1120 5875 1910 5957; baseline -0.008 -20"><span class='ocrx_word' id='word_1_861' title='bbox 1120 5896 1180 5952; x_wconf 71' lang='lat' dir='ltr'><strong>quse</strong></span> <span class='ocrx_word' id='word_1_862' title='bbox 1190 5880 1267 5936; x_wconf 91' lang='lat' dir='ltr'><strong>nobis</strong></span> <span class='ocrx_word' id='word_1_863' title='bbox 1277 5886 1423 5935; x_wconf 73' lang='lat' dir='ltr'><strong>ereomunt</strong></span> <span class='ocrx_word' id='word_1_864' title='bbox 1432 5877 1559 5943; x_wconf 76' lang='lat' dir='ltr'><strong>nmmtio,</strong></span> <span class='ocrx_word' id='word_1_865' title='bbox 1569 5878 1689 5933; x_wconf 80' lang='lat' dir='ltr'><strong>maxime</strong></span> <span class='ocrx_word' id='word_1_866' title='bbox 1696 5875 1793 5947; x_wconf 81' lang='lat' dir='ltr'><strong>jurare</strong></span> <span class='ocrx_word' id='word_1_867' title='bbox 1804 5876 1910 5957; x_wconf 79' lang='lat' dir='ltr'><strong>poterit.</strong></span> 
     </span>
    </p>
   </div>
   <div class='ocr_carea' id='block_1_12' title="bbox 0 0 2079 6340">
    <p class='ocr_par' dir='ltr' id='par_1_15' title="bbox 0 0 2079 6340">
     <span class='ocr_line' id='line_1_120' title="bbox 0 0 2079 6340; baseline 0 0"><span class='ocrx_word' id='word_1_868' title='bbox 0 0 2079 6340; x_wconf 95' lang='lat' dir='ltr'><strong> </strong></span> 
     </span>
    </p>
   </div>
  </div>
 </body>
</html>
