<?xml version="1.0" encoding="UTF-8"?>
<!DOCTYPE html PUBLIC "-//W3C//DTD XHTML 1.0 Transitional//EN"
    "http://www.w3.org/TR/xhtml1/DTD/xhtml1-transitional.dtd">
<html xmlns="http://www.w3.org/1999/xhtml" xml:lang="en" lang="en">
 <head>
  <title>
</title>
<meta http-equiv="Content-Type" content="text/html;charset=utf-8" />
  <meta name='ocr-system' content='tesseract 3.04.00' />
  <meta name='ocr-capabilities' content='ocr_page ocr_carea ocr_par ocr_line ocrx_word'/>
</head>
<body>
  <div class='ocr_page' id='page_1' title='image "./patrologicursus83migngoog_0793.png"; bbox 0 0 4142 6342; ppageno 0'>
   <div class='ocr_carea' id='block_1_1' title="bbox 128 239 1772 326">
    <p class='ocr_par' dir='ltr' id='par_1_1' title="bbox 128 239 1772 326">
     <span class='ocr_line' id='line_1_1' title="bbox 128 239 1772 326; baseline 0.001 -28"><span class='ocrx_word' id='word_1_1' title='bbox 128 258 187 316; x_wconf 72' lang='lat'><strong>735</strong></span> <span class='ocrx_word' id='word_1_2' title='bbox 861 239 1047 326; x_wconf 69' lang='lat' dir='ltr'><strong>EPfSTObAE.</strong></span> <span class='ocrx_word' id='word_1_3' title='bbox 1717 241 1772 300; x_wconf 67' lang='lat' dir='ltr'><strong>ibe</strong></span> 
     </span>
    </p>
   </div>
   <div class='ocr_carea' id='block_1_2' title="bbox 70 349 1779 990">
    <p class='ocr_par' dir='ltr' id='par_1_2' title="bbox 70 349 1779 990">
     <span class='ocr_line' id='line_1_2' title="bbox 128 349 1769 432; baseline 0.005 -24"><span class='ocrx_word' id='word_1_4' title='bbox 128 370 236 425; x_wconf 55' lang='lat' dir='ltr'><strong>,parum</strong></span> <span class='ocrx_word' id='word_1_5' title='bbox 249 365 487 432; x_wconf 60' lang='lat' dir='ltr'>constructionem,</span> <span class='ocrx_word' id='word_1_6' title='bbox 501 360 647 419; x_wconf 84' lang='lat' dir='ltr'><strong>animarum</strong></span> <span class='ocrx_word' id='word_1_7' title='bbox 661 371 775 416; x_wconf 85' lang='lat' dir='ltr'><strong>curam:</strong></span> <span class='ocrx_word' id='word_1_8' title='bbox 798 370 885 427; x_wconf 85' lang='lat' dir='ltr'><strong>ueqnc</strong></span> <span class='ocrx_word' id='word_1_9' title='bbox 899 363 926 410; x_wconf 91' lang='lat' dir='ltr'><strong>te</strong></span> <span class='ocrx_word' id='word_1_10' title='bbox 983 353 1071 423; x_wconf 81' lang='lat' dir='ltr'><strong>Atque</strong></span> <span class='ocrx_word' id='word_1_11' title='bbox 1091 349 1299 428; x_wconf 67' lang='lat' dir='ltr'><strong>beneficiam</strong></span> <span class='ocrx_word' id='word_1_12' title='bbox 1320 364 1351 406; x_wconf 88' lang='lat' dir='ltr'><strong>ea</strong></span> <span class='ocrx_word' id='word_1_13' title='bbox 1372 351 1496 417; x_wconf 87' lang='lat' dir='ltr'><strong>solitudo,</strong></span> <span class='ocrx_word' id='word_1_14' title='bbox 1515 367 1594 424; x_wconf 86' lang='lat' dir='ltr'><strong>qnam</strong></span> <span class='ocrx_word' id='word_1_15' title='bbox 1616 355 1769 428; x_wconf 76' lang='lat' dir='ltr'><strong>incolimus,</strong></span> 
     </span>
     <span class='ocr_line' id='line_1_3' title="bbox 129 435 1770 534; baseline -0.001 -24"><span class='ocrx_word' id='word_1_16' title='bbox 129 441 262 534; x_wconf 60' lang='lat' dir='ltr'><strong>supinum</strong></span> <span class='ocrx_word' id='word_1_17' title='bbox 275 466 322 516; x_wconf 91' lang='lat' dir='ltr'><strong>aut</strong></span> <span class='ocrx_word' id='word_1_18' title='bbox 332 456 470 516; x_wconf 78' lang='lat' dir='ltr'>socordem</span> <span class='ocrx_word' id='word_1_19' title='bbox 483 469 572 511; x_wconf 89' lang='lat' dir='ltr'><strong>rerum</strong></span> <span class='ocrx_word' id='word_1_20' title='bbox 586 451 726 509; x_wconf 89' lang='lat' dir='ltr'><strong>difficultas</strong></span> <span class='ocrx_word' id='word_1_21' title='bbox 738 449 823 506; x_wconf 85' lang='lat' dir='ltr'><strong>iaciat.</strong></span> <span class='ocrx_word' id='word_1_22' title='bbox 836 447 931 518; x_wconf 85' lang='lat' dir='ltr'><strong>Neque</strong></span> <span class='ocrx_word' id='word_1_23' title='bbox 983 439 1099 497; x_wconf 90' lang='lat' dir='ltr'><strong>solitudo</strong></span> <span class='ocrx_word' id='word_1_24' title='bbox 1112 440 1222 496; x_wconf 89' lang='lat' dir='ltr'><strong>minime</strong></span> <span class='ocrx_word' id='word_1_25' title='bbox 1240 435 1364 496; x_wconf 81' lang='lat' dir='ltr'><strong>&#39;uideatur&#39;</strong></span> <span class='ocrx_word' id='word_1_26' title='bbox 1375 460 1382 496; x_wconf 91' lang='lat'><strong>:</strong></span> <span class='ocrx_word' id='word_1_27' title='bbox 1397 439 1449 497; x_wconf 87' lang='lat' dir='ltr'><strong>boc</strong></span> <span class='ocrx_word' id='word_1_28' title='bbox 1463 440 1581 499; x_wconf 84' lang='lat' dir='ltr'><strong>diversas</strong></span> <span class='ocrx_word' id='word_1_29' title='bbox 1593 453 1621 502; x_wconf 86' lang='lat' dir='ltr'><strong>et</strong></span> <span class='ocrx_word' id='word_1_30' title='bbox 1631 451 1770 507; x_wconf 73' lang='lat' dir='ltr'><strong>contium</strong></span> 
     </span>
     <span class='ocr_line' id='line_1_4' title="bbox 129 531 1779 626; baseline -0.005 -18"><span class='ocrx_word' id='word_1_31' title='bbox 129 552 209 608; x_wconf 81' lang='lat' dir='ltr'><strong>cutim</strong></span> <span class='ocrx_word' id='word_1_32' title='bbox 222 550 392 624; x_wconf 90' lang='lat' dir='ltr'><strong>guberuator,</strong></span> <span class='ocrx_word' id='word_1_33' title='bbox 406 547 451 604; x_wconf 93' lang='lat' dir='ltr'><strong>ubi</strong></span> <span class='ocrx_word' id='word_1_34' title='bbox 468 560 543 602; x_wconf 91' lang='lat' dir='ltr'><strong>mare</strong></span> <span class='ocrx_word' id='word_1_35' title='bbox 557 545 645 616; x_wconf 91' lang='lat' dir='ltr'><strong>ipsum</strong></span> <span class='ocrx_word' id='word_1_36' title='bbox 657 539 785 599; x_wconf 80' lang='lat' dir='ltr'><strong>concitari</strong></span> <span class='ocrx_word' id='word_1_37' title='bbox 799 545 826 596; x_wconf 93' lang='lat' dir='ltr'><strong>et</strong></span> <span class='ocrx_word' id='word_1_38' title='bbox 838 536 927 594; x_wconf 87' lang='lat' dir='ltr'><strong>furere</strong></span> <span class='ocrx_word' id='word_1_39' title='bbox 980 533 1145 589; x_wconf 71' lang='lat' dir='ltr'><strong>calamitates</strong></span> <span class='ocrx_word' id='word_1_40' title='bbox 1157 531 1270 602; x_wconf 86' lang='lat' dir='ltr'><strong>mitigat.</strong></span> <span class='ocrx_word' id='word_1_41' title='bbox 1282 531 1350 601; x_wconf 80' lang='lat' dir='ltr'><strong>Quid</strong></span> <span class='ocrx_word' id='word_1_42' title='bbox 1364 532 1436 588; x_wconf 91' lang='lat' dir='ltr'><strong>enim</strong></span> <span class='ocrx_word' id='word_1_43' title='bbox 1448 536 1634 625; x_wconf 68' lang='lat' dir='ltr'><strong>cumcaritate</strong></span> <span class='ocrx_word' id='word_1_44' title='bbox 1654 541 1779 626; x_wconf 27' lang='lat' dir='ltr'><strong>conferri,</strong></span> 
     </span>
     <span class='ocr_line' id='line_1_5' title="bbox 130 622 1771 713; baseline 0.003 -28"><span class='ocrx_word' id='word_1_45' title='bbox 130 641 220 708; x_wconf 60' lang='lat' dir='ltr'><strong>vadet,</strong></span> <span class='ocrx_word' id='word_1_46' title='bbox 235 655 250 696; x_wconf 78' lang='grc' dir='ltr'><strong>ι</strong></span> <span class='ocrx_word' id='word_1_47' title='bbox 264 640 341 696; x_wconf 75' lang='lat' dir='ltr'><strong>nnsis</strong></span> <span class='ocrx_word' id='word_1_48' title='bbox 355 639 431 696; x_wconf 80' lang='lat' dir='ltr'><strong>claro</strong></span> <span class='ocrx_word' id='word_1_49' title='bbox 446 647 475 694; x_wconf 93' lang='lat' dir='ltr'><strong>et</strong></span> <span class='ocrx_word' id='word_1_50' title='bbox 490 635 678 708; x_wconf 71' lang='lat' dir='ltr'><strong>gubernaculis</strong></span> <span class='ocrx_word' id='word_1_51' title='bbox 695 629 826 711; x_wconf 82' lang='lat' dir='ltr'><strong>discedit:¹</strong></span> <span class='ocrx_word' id='word_1_52' title='bbox 842 642 934 712; x_wconf 61' lang='lat' dir='ltr'><strong>nequev</strong></span> <span class='ocrx_word' id='word_1_53' title='bbox 981 625 1090 696; x_wconf 77' lang='lat' dir='ltr'><strong>potest?</strong></span> <span class='ocrx_word' id='word_1_54' title='bbox 1101 622 1175 680; x_wconf 86' lang='lat' dir='ltr'><strong>Nihil</strong></span> <span class='ocrx_word' id='word_1_55' title='bbox 1186 623 1275 694; x_wconf 89' lang='lat' dir='ltr'><strong>plane.</strong></span> <span class='ocrx_word' id='word_1_56' title='bbox 1295 623 1358 680; x_wconf 81' lang='lat' dir='ltr'><strong>llaec</strong></span> <span class='ocrx_word' id='word_1_57' title='bbox 1369 633 1398 680; x_wconf 93' lang='lat' dir='ltr'><strong>et</strong></span> <span class='ocrx_word' id='word_1_58' title='bbox 1411 624 1505 695; x_wconf 71' lang='lat' dir='ltr'><strong>radis,</strong></span> <span class='ocrx_word' id='word_1_59' title='bbox 1516 635 1545 682; x_wconf 91' lang='lat' dir='ltr'><strong>et</strong></span> <span class='ocrx_word' id='word_1_60' title='bbox 1562 635 1657 713; x_wconf 79' lang='lat' dir='ltr'><strong>mater,</strong></span> <span class='ocrx_word' id='word_1_61' title='bbox 1672 633 1771 712; x_wconf 78' lang='lat' dir='ltr'><strong>ctione</strong></span> 
     </span>
     <span class='ocr_line' id='line_1_6' title="bbox 70 718 1772 804; baseline -0.004 -18"><span class='ocrx_word' id='word_1_62' title='bbox 70 734 74 742; x_wconf 89' lang='lat'>&#39;</span> <span class='ocrx_word' id='word_1_63' title='bbox 132 733 271 801; x_wconf 87' lang='lat' dir='ltr'><strong>medicus,</strong></span> <span class='ocrx_word' id='word_1_64' title='bbox 284 732 441 804; x_wconf 77' lang='lat' dir='ltr'><strong>ubimgrum</strong></span> <span class='ocrx_word' id='word_1_65' title='bbox 461 729 556 786; x_wconf 89' lang='lat' dir='ltr'><strong>morbo</strong></span> <span class='ocrx_word' id='word_1_66' title='bbox 568 727 666 798; x_wconf 87' lang='lat' dir='ltr'><strong>corripi</strong></span> <span class='ocrx_word' id='word_1_67' title='bbox 683 725 779 794; x_wconf 88' lang='lat' dir='ltr'><strong>comit,</strong></span> <span class='ocrx_word' id='word_1_68' title='bbox 793 721 931 779; x_wconf 88' lang='lat' dir='ltr'><strong>curatione</strong></span> <span class='ocrx_word' id='word_1_69' title='bbox 984 727 1026 776; x_wconf 89' lang='lat' dir='ltr'><strong>est</strong></span> <span class='ocrx_word' id='word_1_70' title='bbox 1039 719 1180 788; x_wconf 88' lang='lat' dir='ltr'><strong>bonorum,</strong></span> <span class='ocrx_word' id='word_1_71' title='bbox 1194 719 1280 776; x_wconf 79' lang='lat' dir='ltr'><strong>uirtus</strong></span> <span class='ocrx_word' id='word_1_72' title='bbox 1301 719 1413 777; x_wconf 90' lang='lat' dir='ltr'><strong>minime</strong></span> <span class='ocrx_word' id='word_1_73' title='bbox 1434 721 1576 790; x_wconf 86' lang='lat' dir='ltr'><strong>laboriosa,</strong></span> <span class='ocrx_word' id='word_1_74' title='bbox 1590 718 1679 802; x_wconf 37' lang='lat' dir='ltr'><strong>virtus·</strong></span> <span class='ocrx_word' id='word_1_75' title='bbox 1696 725 1772 804; x_wconf 85' lang='lat' dir='ltr'><strong>rolu-</strong></span> 
     </span>
     <span class='ocr_line' id='line_1_7' title="bbox 132 810 1774 899; baseline 0.002 -15"><span class='ocrx_word' id='word_1_76' title='bbox 132 827 298 899; x_wconf 87' lang='lat' dir='ltr'><strong>supersedet</strong></span> <span class='ocrx_word' id='word_1_77' title='bbox 314 845 321 882; x_wconf 82' lang='grc' dir='ltr'><strong>ι</strong></span> <span class='ocrx_word' id='word_1_78' title='bbox 337 825 449 883; x_wconf 89' lang='lat' dir='ltr'><strong>sedtum</strong></span> <span class='ocrx_word' id='word_1_79' title='bbox 468 815 583 880; x_wconf 82' lang='lat' dir='ltr'><strong>maxime</strong></span> <span class='ocrx_word' id='word_1_80' title='bbox 596 819 830 892; x_wconf 86' lang='lat' dir='ltr'><strong>uterqncistorum</strong></span> <span class='ocrx_word' id='word_1_81' title='bbox 844 824 929 871; x_wconf 85' lang='lat' dir='ltr'><strong>artem</strong></span> <span class='ocrx_word' id='word_1_82' title='bbox 984 817 1057 882; x_wconf 87' lang='lat' dir='ltr'><strong>ptnte</strong></span> <span class='ocrx_word' id='word_1_83' title='bbox 1078 810 1185 879; x_wconf 88' lang='lat' dir='ltr'><strong>referta,</strong></span> <span class='ocrx_word' id='word_1_84' title='bbox 1201 826 1313 884; x_wconf 80' lang='lat' dir='ltr'><strong>quoquc</strong></span> <span class='ocrx_word' id='word_1_85' title='bbox 1330 813 1439 868; x_wconf 57' lang='lat' dir='ltr'><strong>munim</strong></span> <span class='ocrx_word' id='word_1_86' title='bbox 1460 813 1502 882; x_wconf 67' lang='lat'><strong>35⁵2</strong></span> <span class='ocrx_word' id='word_1_87' title='bbox 1522 815 1568 886; x_wconf 92' lang='lat' dir='ltr'><strong>qui</strong></span> <span class='ocrx_word' id='word_1_88' title='bbox 1589 813 1674 885; x_wconf 59' lang='lat' dir='ltr'><strong>iiiam</strong></span> <span class='ocrx_word' id='word_1_89' title='bbox 1695 829 1774 888; x_wconf 64' lang='lat'><strong>⁸¹01?</strong></span> 
     </span>
     <span class='ocr_line' id='line_1_8' title="bbox 134 903 1772 990; baseline 0.001 -29"><span class='ocrx_word' id='word_1_90' title='bbox 134 933 217 976; x_wconf 65' lang='lat' dir='ltr'><strong>guam</strong></span> <span class='ocrx_word' id='word_1_91' title='bbox 230 918 347 976; x_wconf 65' lang='lat' dir='ltr'><strong>adhibet.</strong></span> <span class='ocrx_word' id='word_1_92' title='bbox 358 919 400 974; x_wconf 84' lang='lat' dir='ltr'><strong>&#39;ru</strong></span> <span class='ocrx_word' id='word_1_93' title='bbox 411 919 528 990; x_wconf 84' lang='lat' dir='ltr'><strong>qunque,</strong></span> <span class='ocrx_word' id='word_1_94' title='bbox 543 912 650 969; x_wconf 90' lang='lat' dir='ltr'><strong>domine</strong></span> <span class='ocrx_word' id='word_1_95' title='bbox 661 911 697 967; x_wconf 93' lang='lat' dir='ltr'><strong>mi</strong></span> <span class='ocrx_word' id='word_1_96' title='bbox 711 906 933 966; x_wconf 81' lang='lat' dir='ltr'><strong>reverendissime</strong></span> <span class='ocrx_word' id='word_1_97' title='bbox 984 909 1056 966; x_wconf 86' lang='lat' dir='ltr'><strong>ocal,</strong></span> <span class='ocrx_word' id='word_1_98' title='bbox 1070 903 1230 975; x_wconf 87' lang='lat' dir='ltr'><strong>rolttptatem</strong></span> <span class='ocrx_word' id='word_1_99' title='bbox 1244 903 1323 975; x_wconf 83' lang='lat' dir='ltr'><strong>parit.</strong></span> <span class='ocrx_word' id='word_1_100' title='bbox 1338 904 1409 973; x_wconf 85' lang='lat' dir='ltr'><strong>Quas</strong></span> <span class='ocrx_word' id='word_1_101' title='bbox 1424 904 1514 960; x_wconf 86' lang='lat' dir='ltr'><strong>ubres</strong></span> <span class='ocrx_word' id='word_1_102' title='bbox 1528 906 1627 978; x_wconf 85' lang='lat' dir='ltr'><strong>gratias</strong></span> <span class='ocrx_word' id='word_1_103' title='bbox 1640 905 1715 961; x_wconf 86' lang='lat' dir='ltr'><strong>robis</strong></span> <span class='ocrx_word' id='word_1_104' title='bbox 1729 905 1772 975; x_wconf 80' lang='lat' dir='ltr'><strong>io-</strong></span> 
     </span>
    </p>
   </div>
   <div class='ocr_carea' id='block_1_3' title="bbox 97 997 948 4638">
    <p class='ocr_par' dir='ltr' id='par_1_3' title="bbox 97 997 948 4638">
     <span class='ocr_line' id='line_1_9' title="bbox 137 997 933 1081; baseline -0.016 -16"><span class='ocrx_word' id='word_1_105' title='bbox 137 1003 406 1081; x_wconf 83' lang='lat' dir='ltr'><strong>ac&#39;religiosissime,</strong></span> <span class='ocrx_word' id='word_1_106' title='bbox 420 1007 531 1064; x_wconf 83' lang='lat' dir='ltr'><strong>multant</strong></span> <span class='ocrx_word' id='word_1_107' title='bbox 551 1018 622 1078; x_wconf 85' lang='lat' dir='ltr'><strong>urrnc</strong></span> <span class='ocrx_word' id='word_1_108' title='bbox 643 1001 724 1058; x_wconf 88' lang='lat' dir='ltr'><strong>animi</strong></span> <span class='ocrx_word' id='word_1_109' title='bbox 745 997 933 1072; x_wconf 89' lang='lat' dir='ltr'><strong>promptitudi-</strong></span> 
     </span>
     <span class='ocr_line' id='line_1_10' title="bbox 97 1091 933 1172; baseline -0.014 -16"><span class='ocrx_word' id='word_1_110' title='bbox 97 1108 102 1114; x_wconf 86' lang='lat'>&#39;</span> <span class='ocrx_word' id='word_1_111' title='bbox 138 1115 206 1156; x_wconf 91' lang='lat' dir='ltr'><strong>nem</strong></span> <span class='ocrx_word' id='word_1_112' title='bbox 221 1100 329 1170; x_wconf 82' lang='lat' dir='ltr'><strong>adhibe,</strong></span> <span class='ocrx_word' id='word_1_113' title='bbox 341 1095 428 1172; x_wconf 87' lang='lat' dir='ltr'><strong>nequo&#39;</strong></span> <span class='ocrx_word' id='word_1_114' title='bbox 442 1109 468 1156; x_wconf 88' lang='lat' dir='ltr'><strong>te</strong></span> <span class='ocrx_word' id='word_1_115' title='bbox 480 1097 514 1154; x_wconf 92' lang='lat' dir='ltr'><strong>ad</strong></span> <span class='ocrx_word' id='word_1_116' title='bbox 524 1094 672 1154; x_wconf 79' lang='lat' dir='ltr'><strong>socordiam</strong></span> <span class='ocrx_word' id='word_1_117' title='bbox 684 1091 804 1164; x_wconf 77' lang='lat' dir='ltr'><strong>redigant</strong></span> <span class='ocrx_word' id='word_1_118' title='bbox 816 1103 933 1162; x_wconf 75' lang='lat' dir='ltr'><strong>praescn-</strong></span> 
     </span>
     <span class='ocr_line' id='line_1_11' title="bbox 136 1181 932 1258; baseline -0.015 -12"><span class='ocrx_word' id='word_1_119' title='bbox 136 1191 179 1247; x_wconf 91' lang='lat' dir='ltr'><strong>tia</strong></span> <span class='ocrx_word' id='word_1_120' title='bbox 203 1192 273 1247; x_wconf 90' lang='lat' dir='ltr'><strong>mala</strong></span> <span class='ocrx_word' id='word_1_121' title='bbox 290 1210 298 1247; x_wconf 78' lang='grc' dir='ltr'><strong>ι</strong></span> <span class='ocrx_word' id='word_1_122' title='bbox 318 1206 372 1248; x_wconf 86' lang='grc' dir='ltr'><strong>ιιι</strong></span> <span class='ocrx_word' id='word_1_123' title='bbox 394 1190 465 1246; x_wconf 90' lang='lat' dir='ltr'><strong>enim</strong></span> <span class='ocrx_word' id='word_1_124' title='bbox 482 1187 651 1258; x_wconf 67' lang='lat' dir='ltr'><strong>dacisque</strong></span> <span class='ocrx_word' id='word_1_125' title='bbox 674 1183 751 1240; x_wconf 91' lang='lat' dir='ltr'><strong>nobis</strong></span> <span class='ocrx_word' id='word_1_126' title='bbox 773 1181 932 1247; x_wconf 88' lang='lat' dir='ltr'><strong>inferuntur,</strong></span> 
     </span>
     <span class='ocr_line' id='line_1_12' title="bbox 137 1271 936 1352; baseline -0.01 -16"><span class='ocrx_word' id='word_1_127' title='bbox 137 1282 220 1338; x_wconf 89' lang='lat' dir='ltr'><strong>malis</strong></span> <span class='ocrx_word' id='word_1_128' title='bbox 244 1282 375 1338; x_wconf 89' lang='lat' dir='ltr'><strong>rationem</strong></span> <span class='ocrx_word' id='word_1_129' title='bbox 397 1279 561 1345; x_wconf 88' lang='lat' dir='ltr'><strong>reddemus;</strong></span> <span class='ocrx_word' id='word_1_130' title='bbox 583 1278 648 1350; x_wconf 87' lang='lat' dir='ltr'><strong>quin</strong></span> <span class='ocrx_word' id='word_1_131' title='bbox 670 1275 758 1348; x_wconf 90' lang='lat' dir='ltr'><strong>potius</strong></span> <span class='ocrx_word' id='word_1_132' title='bbox 783 1271 936 1352; x_wconf 74' lang='lat' dir='ltr'><strong>mercedem</strong></span> 
     </span>
     <span class='ocr_line' id='line_1_13' title="bbox 138 1365 934 1441; baseline -0.011 -15"><span class='ocrx_word' id='word_1_133' title='bbox 138 1371 315 1441; x_wconf 82' lang='lat' dir='ltr'><strong>accipiemus.</strong></span> <span class='ocrx_word' id='word_1_134' title='bbox 325 1369 353 1428; x_wconf 84' lang='lat' dir='ltr'><strong>st</strong></span> <span class='ocrx_word' id='word_1_135' title='bbox 366 1384 429 1426; x_wconf 85' lang='lat' dir='ltr'><strong>tero</strong></span> <span class='ocrx_word' id='word_1_136' title='bbox 440 1385 482 1436; x_wconf 90' lang='lat' dir='ltr'><strong>ea,</strong></span> <span class='ocrx_word' id='word_1_137' title='bbox 498 1385 558 1441; x_wconf 82' lang='lat' dir='ltr'><strong>qua</strong></span> <span class='ocrx_word' id='word_1_138' title='bbox 572 1378 722 1425; x_wconf 87' lang='lat' dir='ltr'><strong>nostrarum</strong></span> <span class='ocrx_word' id='word_1_139' title='bbox 736 1373 798 1423; x_wconf 90' lang='lat' dir='ltr'><strong>sunt</strong></span> <span class='ocrx_word' id='word_1_140' title='bbox 808 1365 934 1436; x_wconf 88' lang='lat' dir='ltr'><strong>partium,</strong></span> 
     </span>
     <span class='ocr_line' id='line_1_14' title="bbox 138 1455 936 1532; baseline -0.006 -17"><span class='ocrx_word' id='word_1_141' title='bbox 138 1474 197 1516; x_wconf 89' lang='lat' dir='ltr'><strong>non</strong></span> <span class='ocrx_word' id='word_1_142' title='bbox 212 1461 423 1532; x_wconf 66' lang='lat' dir='ltr'><strong>praesumimus,</strong></span> <span class='ocrx_word' id='word_1_143' title='bbox 438 1461 485 1519; x_wconf 88' lang='lat' dir='ltr'><strong>sed</strong></span> <span class='ocrx_word' id='word_1_144' title='bbox 505 1460 613 1518; x_wconf 88' lang='lat' dir='ltr'><strong>desides</strong></span> <span class='ocrx_word' id='word_1_145' title='bbox 636 1459 776 1526; x_wconf 72' lang='lat' dir='ltr'><strong>fuerimus,</strong></span> <span class='ocrx_word' id='word_1_146' title='bbox 797 1455 864 1513; x_wconf 90' lang='lat' dir='ltr'><strong>nihil</strong></span> <span class='ocrx_word' id='word_1_147' title='bbox 885 1455 936 1511; x_wconf 89' lang='lat' dir='ltr'><strong>uos</strong></span> 
     </span>
     <span class='ocr_line' id='line_1_15' title="bbox 139 1546 938 1626; baseline -0.005 -20"><span class='ocrx_word' id='word_1_148' title='bbox 139 1565 173 1606; x_wconf 86' lang='lat' dir='ltr'><strong>ca</strong></span> <span class='ocrx_word' id='word_1_149' title='bbox 188 1551 214 1607; x_wconf 91' lang='lat' dir='ltr'><strong>in</strong></span> <span class='ocrx_word' id='word_1_150' title='bbox 227 1567 257 1609; x_wconf 87' lang='lat' dir='ltr'><strong>re</strong></span> <span class='ocrx_word' id='word_1_151' title='bbox 269 1552 404 1624; x_wconf 78' lang='lat' dir='ltr'><strong>adjurabit</strong></span> <span class='ocrx_word' id='word_1_152' title='bbox 426 1562 473 1610; x_wconf 87' lang='lat' dir='ltr'><strong>aut</strong></span> <span class='ocrx_word' id='word_1_153' title='bbox 486 1551 613 1609; x_wconf 90' lang='lat' dir='ltr'><strong>defendet</strong></span> <span class='ocrx_word' id='word_1_154' title='bbox 636 1551 766 1607; x_wconf 89' lang='lat' dir='ltr'><strong>malorum</strong></span> <span class='ocrx_word' id='word_1_155' title='bbox 791 1546 938 1626; x_wconf 79' lang='lat' dir='ltr'><strong>turnultusi¹</strong></span> 
     </span>
     <span class='ocr_line' id='line_1_16' title="bbox 140 1629 938 1716; baseline -0.005 -21"><span class='ocrx_word' id='word_1_156' title='bbox 140 1629 360 1714; x_wconf 84' lang='lat' dir='ltr'><strong>qnandoquidem</strong></span> <span class='ocrx_word' id='word_1_157' title='bbox 375 1650 403 1700; x_wconf 92' lang='lat' dir='ltr'><strong>et</strong></span> <span class='ocrx_word' id='word_1_158' title='bbox 425 1644 522 1700; x_wconf 87' lang='lat' dir='ltr'><strong>Paulus</strong></span> <span class='ocrx_word' id='word_1_159' title='bbox 531 1645 673 1700; x_wconf 77' lang='lat' dir='ltr'><strong>‘carcerem</strong></span> <span class='ocrx_word' id='word_1_160' title='bbox 692 1641 821 1716; x_wconf 84' lang='lat' dir='ltr'><strong>incolens,</strong></span> <span class='ocrx_word' id='word_1_161' title='bbox 836 1638 863 1695; x_wconf 89' lang='lat' dir='ltr'><strong>ia</strong></span> <span class='ocrx_word' id='word_1_162' title='bbox 877 1637 938 1692; x_wconf 51' lang='lat' dir='ltr'><strong>rin-¹</strong></span> 
     </span>
     <span class='ocr_line' id='line_1_17' title="bbox 140 1729 938 1802; baseline -0.005 -14"><span class='ocrx_word' id='word_1_163' title='bbox 140 1733 213 1788; x_wconf 83' lang='lat' dir='ltr'><strong>culis</strong></span> <span class='ocrx_word' id='word_1_164' title='bbox 225 1731 344 1791; x_wconf 88' lang='lat' dir='ltr'><strong>ofiieium</strong></span> <span class='ocrx_word' id='word_1_165' title='bbox 365 1748 442 1791; x_wconf 90' lang='lat' dir='ltr'><strong>suum</strong></span> <span class='ocrx_word' id='word_1_166' title='bbox 456 1733 527 1802; x_wconf 89' lang='lat' dir='ltr'><strong>fecit,</strong></span> <span class='ocrx_word' id='word_1_167' title='bbox 541 1743 569 1791; x_wconf 91' lang='lat' dir='ltr'><strong>ct</strong></span> <span class='ocrx_word' id='word_1_168' title='bbox 582 1733 665 1790; x_wconf 84' lang='lat' dir='ltr'><strong>Jonas</strong></span> <span class='ocrx_word' id='word_1_169' title='bbox 687 1733 713 1788; x_wconf 91' lang='lat' dir='ltr'><strong>in</strong></span> <span class='ocrx_word' id='word_1_170' title='bbox 728 1741 822 1788; x_wconf 83' lang='lat' dir='ltr'><strong>uentre</strong></span> <span class='ocrx_word' id='word_1_171' title='bbox 843 1729 938 1786; x_wconf 87' lang='lat' dir='ltr'><strong>belluae</strong></span> 
     </span>
     <span class='ocr_line' id='line_1_18' title="bbox 142 1820 939 1900; baseline -0.001 -23"><span class='ocrx_word' id='word_1_172' title='bbox 142 1823 256 1880; x_wconf 72' lang='lat' dir='ltr'><strong>maritate</strong></span> <span class='ocrx_word' id='word_1_173' title='bbox 270 1824 390 1882; x_wconf 90' lang='lat' dir='ltr'><strong>inclusus</strong></span> <span class='ocrx_word' id='word_1_174' title='bbox 403 1823 464 1894; x_wconf 93' lang='lat' dir='ltr'><strong>fuit,</strong></span> <span class='ocrx_word' id='word_1_175' title='bbox 480 1833 508 1882; x_wconf 91' lang='lat' dir='ltr'><strong>et</strong></span> <span class='ocrx_word' id='word_1_176' title='bbox 522 1835 576 1882; x_wconf 90' lang='lat' dir='ltr'><strong>tres</strong></span> <span class='ocrx_word' id='word_1_177' title='bbox 588 1825 663 1896; x_wconf 88' lang='lat' dir='ltr'><strong>pueri</strong></span> <span class='ocrx_word' id='word_1_178' title='bbox 684 1824 710 1880; x_wconf 91' lang='lat' dir='ltr'><strong>in</strong></span> <span class='ocrx_word' id='word_1_179' title='bbox 723 1823 829 1900; x_wconf 87' lang='lat' dir='ltr'><strong>camino</strong></span> <span class='ocrx_word' id='word_1_180' title='bbox 841 1820 939 1877; x_wconf 83' lang='lat' dir='ltr'><strong>uersati</strong></span> 
     </span>
     <span class='ocr_line' id='line_1_19' title="bbox 144 1911 939 1987; baseline -0.005 -17"><span class='ocrx_word' id='word_1_181' title='bbox 144 1922 210 1971; x_wconf 90' lang='lat' dir='ltr'><strong>sunt</strong></span> <span class='ocrx_word' id='word_1_182' title='bbox 223 1932 230 1970; x_wconf 79' lang='grc' dir='ltr'><strong>ι</strong></span> <span class='ocrx_word' id='word_1_183' title='bbox 244 1929 331 1986; x_wconf 91' lang='lat' dir='ltr'><strong>neque</strong></span> <span class='ocrx_word' id='word_1_184' title='bbox 344 1923 433 1972; x_wconf 87' lang='lat' dir='ltr'><strong>tamen</strong></span> <span class='ocrx_word' id='word_1_185' title='bbox 448 1915 543 1971; x_wconf 90' lang='lat' dir='ltr'><strong>borum</strong></span> <span class='ocrx_word' id='word_1_186' title='bbox 556 1929 716 1987; x_wconf 84' lang='lat' dir='ltr'><strong>quemquam</strong></span> <span class='ocrx_word' id='word_1_187' title='bbox 739 1913 843 1970; x_wconf 80' lang='lat' dir='ltr'><strong>uincula</strong></span> <span class='ocrx_word' id='word_1_188' title='bbox 865 1911 939 1968; x_wconf 80' lang='lat' dir='ltr'><strong>varia</strong></span> 
     </span>
     <span class='ocr_line' id='line_1_20' title="bbox 144 1999 937 2078; baseline -0.003 -19"><span class='ocrx_word' id='word_1_189' title='bbox 144 2004 181 2061; x_wconf 80' lang='lat' dir='ltr'><strong>ad</strong></span> <span class='ocrx_word' id='word_1_190' title='bbox 207 2004 339 2062; x_wconf 86' lang='lat' dir='ltr'><strong>desidiam</strong></span> <span class='ocrx_word' id='word_1_191' title='bbox 363 2005 500 2078; x_wconf 86' lang='lat' dir='ltr'><strong>redegere.</strong></span> <span class='ocrx_word' id='word_1_192' title='bbox 516 2006 579 2063; x_wconf 87' lang='lat' dir='ltr'><strong>llaec</strong></span> <span class='ocrx_word' id='word_1_193' title='bbox 603 1999 682 2078; x_wconf 87' lang='lat' dir='ltr'><strong>igitur</strong></span> <span class='ocrx_word' id='word_1_194' title='bbox 701 2012 789 2060; x_wconf 88' lang='lat' dir='ltr'><strong>tecum</strong></span> <span class='ocrx_word' id='word_1_195' title='bbox 801 2012 937 2074; x_wconf 89' lang='lat' dir='ltr'><strong>reputans,</strong></span> 
     </span>
     <span class='ocr_line' id='line_1_21' title="bbox 144 2090 940 2164; baseline -0.005 -14"><span class='ocrx_word' id='word_1_196' title='bbox 144 2093 255 2151; x_wconf 89' lang='lat' dir='ltr'><strong>domine</strong></span> <span class='ocrx_word' id='word_1_197' title='bbox 267 2095 314 2162; x_wconf 90' lang='lat' dir='ltr'><strong>mi,</strong></span> <span class='ocrx_word' id='word_1_198' title='bbox 324 2109 358 2151; x_wconf 90' lang='lat' dir='ltr'><strong>ne</strong></span> <span class='ocrx_word' id='word_1_199' title='bbox 368 2096 491 2156; x_wconf 75' lang='lat' dir='ltr'><strong>ambesis</strong></span> <span class='ocrx_word' id='word_1_200' title='bbox 500 2095 655 2164; x_wconf 82' lang='lat' dir='ltr'><strong>Pboeniclae,</strong></span> <span class='ocrx_word' id='word_1_201' title='bbox 665 2093 814 2160; x_wconf 67' lang='lat' dir='ltr'><strong>Arabicam</strong></span> <span class='ocrx_word' id='word_1_202' title='bbox 823 2090 940 2148; x_wconf 84' lang='lat' dir='ltr'><strong>Orientis¹</strong></span> 
     </span>
     <span class='ocr_line' id='line_1_22' title="bbox 145 2182 938 2260; baseline -0.004 -19"><span class='ocrx_word' id='word_1_203' title='bbox 145 2184 329 2243; x_wconf 80' lang='lat' dir='ltr'><strong>Ecclesiamna</strong></span> <span class='ocrx_word' id='word_1_204' title='bbox 343 2201 436 2244; x_wconf 83' lang='lat' dir='ltr'><strong>curam</strong></span> <span class='ocrx_word' id='word_1_205' title='bbox 448 2201 552 2260; x_wconf 87' lang='lat' dir='ltr'><strong>gerere,</strong></span> <span class='ocrx_word' id='word_1_206' title='bbox 566 2186 632 2244; x_wconf 91' lang='lat' dir='ltr'><strong>illud</strong></span> <span class='ocrx_word' id='word_1_207' title='bbox 655 2198 812 2257; x_wconf 87' lang='lat' dir='ltr'><strong>persuasum</strong></span> <span class='ocrx_word' id='word_1_208' title='bbox 826 2182 938 2250; x_wconf 90' lang='lat' dir='ltr'><strong>babens,</strong></span> 
     </span>
     <span class='ocr_line' id='line_1_23' title="bbox 145 2274 942 2349; baseline -0.003 -18"><span class='ocrx_word' id='word_1_209' title='bbox 145 2276 349 2346; x_wconf 80' lang='lat' dir='ltr'><strong>locupletiorem</strong></span> <span class='ocrx_word' id='word_1_210' title='bbox 360 2285 386 2334; x_wconf 89' lang='lat' dir='ltr'><strong>te</strong></span> <span class='ocrx_word' id='word_1_211' title='bbox 398 2277 551 2335; x_wconf 86' lang='lat' dir='ltr'><strong>mercedem</strong></span> <span class='ocrx_word' id='word_1_212' title='bbox 563 2285 733 2349; x_wconf 89' lang='lat' dir='ltr'><strong>recepturum</strong></span> <span class='ocrx_word' id='word_1_213' title='bbox 746 2290 816 2341; x_wconf 87' lang='lat' dir='ltr'><strong>esse,</strong></span> <span class='ocrx_word' id='word_1_214' title='bbox 830 2274 852 2332; x_wconf 91' lang='lat' dir='ltr'><strong>si</strong></span> <span class='ocrx_word' id='word_1_215' title='bbox 865 2283 904 2332; x_wconf 95' lang='lat' dir='ltr'><strong>tot</strong></span> <span class='ocrx_word' id='word_1_216' title='bbox 913 2282 942 2330; x_wconf 87' lang='lat' dir='ltr'><strong>et</strong></span> 
     </span>
     <span class='ocr_line' id='line_1_24' title="bbox 146 2366 942 2439; baseline -0.003 -17"><span class='ocrx_word' id='word_1_217' title='bbox 146 2367 229 2424; x_wconf 83' lang='grc' dir='ltr'>ιιιιίι</span> <span class='ocrx_word' id='word_1_218' title='bbox 240 2367 467 2425; x_wconf 84' lang='lat' dir='ltr'><strong>intercedentibus</strong></span> <span class='ocrx_word' id='word_1_219' title='bbox 479 2366 685 2438; x_wconf 84' lang='lat' dir='ltr'><strong>impedimentis,</strong></span> <span class='ocrx_word' id='word_1_220' title='bbox 693 2382 754 2439; x_wconf 77' lang='lat' dir='ltr'><strong>quae</strong></span> <span class='ocrx_word' id='word_1_221' title='bbox 767 2375 870 2422; x_wconf 86' lang='lat' dir='ltr'><strong>tuarum</strong></span> <span class='ocrx_word' id='word_1_222' title='bbox 880 2381 942 2437; x_wconf 90' lang='lat' dir='ltr'><strong>par·</strong></span> 
     </span>
     <span class='ocr_line' id='line_1_25' title="bbox 146 2449 940 2531; baseline 0 -19"><span class='ocrx_word' id='word_1_223' title='bbox 146 2457 215 2513; x_wconf 90' lang='lat' dir='ltr'><strong>tium</strong></span> <span class='ocrx_word' id='word_1_224' title='bbox 227 2467 300 2526; x_wconf 87' lang='lat' dir='ltr'><strong>suot,</strong></span> <span class='ocrx_word' id='word_1_225' title='bbox 315 2459 482 2528; x_wconf 73' lang='lat' dir='ltr'><strong>prestiteris.</strong></span> <span class='ocrx_word' id='word_1_226' title='bbox 495 2459 587 2530; x_wconf 83' lang='lat' dir='ltr'><strong>Neque</strong></span> <span class='ocrx_word' id='word_1_227' title='bbox 596 2459 644 2515; x_wconf 92' lang='lat' dir='ltr'><strong>tibi</strong></span> <span class='ocrx_word' id='word_1_228' title='bbox 653 2457 735 2531; x_wconf 82' lang='lat' dir='ltr'><strong>graue</strong></span> <span class='ocrx_word' id='word_1_229' title='bbox 746 2458 781 2514; x_wconf 90' lang='lat' dir='ltr'><strong>sit</strong></span> <span class='ocrx_word' id='word_1_230' title='bbox 794 2449 940 2515; x_wconf 83' lang='lat' dir='ltr'><strong>identidem</strong></span> 
     </span>
     <span class='ocr_line' id='line_1_26' title="bbox 147 2543 941 2618; baseline 0.001 -17"><span class='ocrx_word' id='word_1_231' title='bbox 147 2545 183 2602; x_wconf 89' lang='lat' dir='ltr'><strong>ad</strong></span> <span class='ocrx_word' id='word_1_232' title='bbox 196 2561 246 2604; x_wconf 90' lang='lat' dir='ltr'><strong>nos</strong></span> <span class='ocrx_word' id='word_1_233' title='bbox 259 2547 388 2618; x_wconf 89' lang='lat' dir='ltr'><strong>scribere,</strong></span> <span class='ocrx_word' id='word_1_234' title='bbox 402 2547 450 2605; x_wconf 89' lang='lat' dir='ltr'><strong>sed</strong></span> <span class='ocrx_word' id='word_1_235' title='bbox 459 2556 487 2605; x_wconf 90' lang='grc' dir='ltr'><strong>ιι</strong></span> <span class='ocrx_word' id='word_1_236' title='bbox 498 2547 675 2605; x_wconf 85' lang='lat' dir='ltr'><strong>creberrimas</strong></span> <span class='ocrx_word' id='word_1_237' title='bbox 686 2548 778 2604; x_wconf 86' lang='lat' dir='ltr'><strong>literas</strong></span> <span class='ocrx_word' id='word_1_238' title='bbox 792 2543 941 2603; x_wconf 88' lang='lat' dir='ltr'><strong>dato.Nam</strong></span> 
     </span>
     <span class='ocr_line' id='line_1_27' title="bbox 148 2637 942 2712; baseline 0.003 -19"><span class='ocrx_word' id='word_1_239' title='bbox 148 2637 227 2694; x_wconf 88' lang='lat' dir='ltr'><strong>sicuti</strong></span> <span class='ocrx_word' id='word_1_240' title='bbox 239 2653 311 2696; x_wconf 91' lang='lat' dir='ltr'><strong>nunc</strong></span> <span class='ocrx_word' id='word_1_241' title='bbox 327 2640 511 2711; x_wconf 83' lang='lat' dir='ltr'><strong>cognorimus,</strong></span> <span class='ocrx_word' id='word_1_242' title='bbox 527 2654 580 2696; x_wconf 89' lang='lat' dir='ltr'><strong>uon</strong></span> <span class='ocrx_word' id='word_1_243' title='bbox 602 2637 768 2709; x_wconf 87' lang='lat' dir='ltr'><strong>Sebasteam,</strong></span> <span class='ocrx_word' id='word_1_244' title='bbox 784 2639 833 2712; x_wconf 82' lang='lat' dir='ltr'><strong>sed</strong></span> <span class='ocrx_word' id='word_1_245' title='bbox 854 2639 942 2696; x_wconf 84' lang='lat' dir='ltr'><strong>Cucu-</strong></span> 
     </span>
     <span class='ocr_line' id='line_1_28' title="bbox 148 2729 944 2802; baseline -0.001 -18"><span class='ocrx_word' id='word_1_246' title='bbox 148 2741 210 2784; x_wconf 85' lang='lat' dir='ltr'><strong>suoa</strong></span> <span class='ocrx_word' id='word_1_247' title='bbox 222 2729 371 2788; x_wconf 83' lang='lat' dir='ltr'><strong>exsulatum</strong></span> <span class='ocrx_word' id='word_1_248' title='bbox 385 2731 502 2802; x_wconf 81' lang='lat' dir='ltr'><strong>ireJ&#39;ussi</strong></span> <span class='ocrx_word' id='word_1_249' title='bbox 516 2731 618 2799; x_wconf 86' lang='lat' dir='ltr'><strong>sumus,</strong></span> <span class='ocrx_word' id='word_1_250' title='bbox 631 2745 685 2802; x_wconf 87' lang='lat' dir='ltr'><strong>quo</strong></span> <span class='ocrx_word' id='word_1_251' title='bbox 706 2731 753 2787; x_wconf 92' lang='lat' dir='ltr'><strong>tibi</strong></span> <span class='ocrx_word' id='word_1_252' title='bbox 766 2729 860 2787; x_wconf 89' lang='lat' dir='ltr'><strong>literas</strong></span> <span class='ocrx_word' id='word_1_253' title='bbox 877 2731 944 2784; x_wconf 88' lang='lat' dir='ltr'><strong>anit-</strong></span> 
     </span>
     <span class='ocr_line' id='line_1_29' title="bbox 150 2819 942 2894; baseline 0.001 -19"><span class='ocrx_word' id='word_1_254' title='bbox 150 2826 208 2876; x_wconf 91' lang='lat' dir='ltr'><strong>tere</strong></span> <span class='ocrx_word' id='word_1_255' title='bbox 221 2819 325 2876; x_wconf 87' lang='lat' dir='ltr'><strong>facilius</strong></span> <span class='ocrx_word' id='word_1_256' title='bbox 335 2821 395 2877; x_wconf 88' lang='lat' dir='ltr'><strong>crit.</strong></span> <span class='ocrx_word' id='word_1_257' title='bbox 407 2821 501 2878; x_wconf 85' lang='lat' dir='ltr'><strong>Scribe</strong></span> <span class='ocrx_word' id='word_1_258' title='bbox 515 2821 595 2894; x_wconf 88' lang='lat' dir='ltr'><strong>igitur</strong></span> <span class='ocrx_word' id='word_1_259' title='bbox 609 2821 698 2890; x_wconf 89' lang='lat' dir='ltr'><strong>nobis,</strong></span> <span class='ocrx_word' id='word_1_260' title='bbox 711 2829 776 2894; x_wconf 93' lang='lat' dir='ltr'><strong>quot</strong></span> <span class='ocrx_word' id='word_1_261' title='bbox 790 2834 861 2878; x_wconf 91' lang='lat' dir='ltr'><strong>anno</strong></span> <span class='ocrx_word' id='word_1_262' title='bbox 873 2834 942 2890; x_wconf 89' lang='lat' dir='ltr'><strong>quo-</strong></span> 
     </span>
     <span class='ocr_line' id='line_1_30' title="bbox 149 2909 943 2986; baseline 0.005 -20"><span class='ocrx_word' id='word_1_263' title='bbox 149 2909 216 2967; x_wconf 89' lang='lat' dir='ltr'><strong>libet</strong></span> <span class='ocrx_word' id='word_1_264' title='bbox 227 2920 335 2970; x_wconf 78' lang='lat' dir='ltr'><strong>etmtctae</strong></span> <span class='ocrx_word' id='word_1_265' title='bbox 351 2913 406 2970; x_wconf 88' lang='lat' dir='ltr'><strong>sint</strong></span> <span class='ocrx_word' id='word_1_266' title='bbox 416 2914 548 2981; x_wconf 79' lang='lat' dir='ltr'><strong>eeclesia,</strong></span> <span class='ocrx_word' id='word_1_267' title='bbox 559 2925 587 2972; x_wconf 89' lang='lat' dir='ltr'><strong>et</strong></span> <span class='ocrx_word' id='word_1_268' title='bbox 599 2915 645 2986; x_wconf 91' lang='lat' dir='ltr'><strong>qui</strong></span> <span class='ocrx_word' id='word_1_269' title='bbox 660 2915 710 2970; x_wconf 85' lang='lat' dir='ltr'><strong>riri</strong></span> <span class='ocrx_word' id='word_1_270' title='bbox 724 2914 809 2970; x_wconf 89' lang='lat' dir='ltr'><strong>sancti</strong></span> <span class='ocrx_word' id='word_1_271' title='bbox 821 2915 847 2971; x_wconf 93' lang='lat' dir='ltr'><strong>in</strong></span> <span class='ocrx_word' id='word_1_272' title='bbox 860 2914 943 2982; x_wconf 76' lang='lat' dir='ltr'><strong>Plroe·</strong></span> 
     </span>
     <span class='ocr_line' id='line_1_31' title="bbox 150 3001 944 3086; baseline 0.008 -30"><span class='ocrx_word' id='word_1_273' title='bbox 150 3001 248 3058; x_wconf 91' lang='lat' dir='ltr'><strong>niciam</strong></span> <span class='ocrx_word' id='word_1_274' title='bbox 266 3003 476 3086; x_wconf 81' lang='lat' dir='ltr'><strong>commigrarint,</strong></span> <span class='ocrx_word' id='word_1_275' title='bbox 497 3015 525 3063; x_wconf 89' lang='lat' dir='ltr'><strong>et</strong></span> <span class='ocrx_word' id='word_1_276' title='bbox 549 3007 572 3063; x_wconf 90' lang='lat' dir='ltr'><strong>si</strong></span> <span class='ocrx_word' id='word_1_277' title='bbox 592 3023 644 3079; x_wconf 84' lang='lat' dir='ltr'><strong>que</strong></span> <span class='ocrx_word' id='word_1_278' title='bbox 667 3005 944 3077; x_wconf 74' lang='lat' dir='ltr'><strong>maioraaecesserint</strong></span> 
     </span>
     <span class='ocr_line' id='line_1_32' title="bbox 150 3087 943 3168; baseline 0.01 -22"><span class='ocrx_word' id='word_1_279' title='bbox 150 3090 322 3150; x_wconf 87' lang='lat' dir='ltr'><strong>incrementa.</strong></span> <span class='ocrx_word' id='word_1_280' title='bbox 330 3093 398 3150; x_wconf 87' lang='lat' dir='ltr'><strong>Natu</strong></span> <span class='ocrx_word' id='word_1_281' title='bbox 412 3088 473 3152; x_wconf 85' lang='lat' dir='ltr'><strong>ct‘tm</strong></span> <span class='ocrx_word' id='word_1_282' title='bbox 485 3095 621 3153; x_wconf 87' lang='lat' dir='ltr'><strong>Nicacnum</strong></span> <span class='ocrx_word' id='word_1_283' title='bbox 630 3097 772 3168; x_wconf 88' lang='lat' dir='ltr'><strong>quemdam</strong></span> <span class='ocrx_word' id='word_1_284' title='bbox 783 3087 943 3154; x_wconf 84' lang='lat' dir='ltr'><strong>monachum</strong></span> 
     </span>
     <span class='ocr_line' id='line_1_33' title="bbox 151 3179 942 3264; baseline 0.008 -22"><span class='ocrx_word' id='word_1_285' title='bbox 151 3187 282 3245; x_wconf 91' lang='lat' dir='ltr'><strong>inclusum</strong></span> <span class='ocrx_word' id='word_1_286' title='bbox 293 3188 332 3264; x_wconf 88' lang='lat' dir='ltr'><strong>(o)</strong></span> <span class='ocrx_word' id='word_1_287' title='bbox 348 3193 520 3263; x_wconf 85' lang='lat' dir='ltr'><strong>reperissem,</strong></span> <span class='ocrx_word' id='word_1_288' title='bbox 531 3191 556 3249; x_wconf 90' lang='lat' dir='ltr'><strong>ei</strong></span> <span class='ocrx_word' id='word_1_289' title='bbox 570 3200 599 3248; x_wconf 91' lang='lat' dir='ltr'><strong>ut</strong></span> <span class='ocrx_word' id='word_1_290' title='bbox 611 3191 646 3248; x_wconf 89' lang='lat' dir='ltr'><strong>ad</strong></span> <span class='ocrx_word' id='word_1_291' title='bbox 658 3192 785 3262; x_wconf 90' lang='lat' dir='ltr'><strong>pietatem</strong></span> <span class='ocrx_word' id='word_1_292' title='bbox 796 3200 867 3248; x_wconf 89' lang='lat' dir='ltr'><strong>tuam</strong></span> <span class='ocrx_word' id='word_1_293' title='bbox 881 3179 942 3260; x_wconf 77' lang='lat' dir='ltr'><strong>iret,</strong></span> 
     </span>
     <span class='ocr_line' id='line_1_34' title="bbox 150 3269 944 3360; baseline 0.003 -24"><span class='ocrx_word' id='word_1_294' title='bbox 150 3289 178 3336; x_wconf 93' lang='lat' dir='ltr'><strong>et</strong></span> <span class='ocrx_word' id='word_1_295' title='bbox 194 3281 220 3336; x_wconf 92' lang='lat' dir='ltr'><strong>in</strong></span> <span class='ocrx_word' id='word_1_296' title='bbox 237 3281 402 3351; x_wconf 79' lang='lat' dir='ltr'><strong>Pbcerticiam</strong></span> <span class='ocrx_word' id='word_1_297' title='bbox 416 3269 641 3355; x_wconf 81' lang='lat' dir='ltr'><strong>proficisceretur,</strong></span> <span class='ocrx_word' id='word_1_298' title='bbox 655 3283 787 3360; x_wconf 85' lang='lat' dir='ltr'><strong>persuasi.</strong></span> <span class='ocrx_word' id='word_1_299' title='bbox 807 3285 849 3338; x_wconf 78' lang='lat' dir='ltr'><strong>An</strong></span> <span class='ocrx_word' id='word_1_300' title='bbox 869 3283 892 3338; x_wconf 90' lang='lat' dir='ltr'><strong>is</strong></span> <span class='ocrx_word' id='word_1_301' title='bbox 910 3281 944 3338; x_wconf 87' lang='lat' dir='ltr'><strong>ad</strong></span> 
     </span>
     <span class='ocr_line' id='line_1_35' title="bbox 152 3372 944 3444; baseline 0 -16"><span class='ocrx_word' id='word_1_302' title='bbox 152 3381 179 3428; x_wconf 91' lang='lat' dir='ltr'><strong>te</strong></span> <span class='ocrx_word' id='word_1_303' title='bbox 198 3376 313 3442; x_wconf 83' lang='lat' dir='ltr'><strong>tenerit,</strong></span> <span class='ocrx_word' id='word_1_304' title='bbox 338 3373 381 3432; x_wconf 90' lang='lat' dir='ltr'><strong>fac</strong></span> <span class='ocrx_word' id='word_1_305' title='bbox 402 3374 496 3432; x_wconf 89' lang='lat' dir='ltr'><strong>sciam.</strong></span> <span class='ocrx_word' id='word_1_306' title='bbox 511 3375 551 3432; x_wconf 85' lang='lat' dir='ltr'><strong>lie</strong></span> <span class='ocrx_word' id='word_1_307' title='bbox 564 3374 709 3442; x_wconf 84' lang='lat' dir='ltr'><strong>Solantine,</strong></span> <span class='ocrx_word' id='word_1_308' title='bbox 724 3372 795 3444; x_wconf 88' lang='lat' dir='ltr'><strong>qued</strong></span> <span class='ocrx_word' id='word_1_309' title='bbox 818 3372 944 3444; x_wconf 86' lang='lat' dir='ltr'><strong>oppidum</strong></span> 
     </span>
     <span class='ocr_line' id='line_1_36' title="bbox 99 3465 944 3538; baseline 0.004 -18"><span class='ocrx_word' id='word_1_310' title='bbox 99 3465 104 3474; x_wconf 74' lang='lat'><strong>⁴</strong></span> <span class='ocrx_word' id='word_1_311' title='bbox 152 3473 193 3521; x_wconf 89' lang='lat' dir='ltr'><strong>est</strong></span> <span class='ocrx_word' id='word_1_312' title='bbox 205 3465 233 3521; x_wconf 92' lang='lat' dir='ltr'><strong>in</strong></span> <span class='ocrx_word' id='word_1_313' title='bbox 244 3465 334 3538; x_wconf 80' lang='lat' dir='ltr'><strong>cypro</strong></span> <span class='ocrx_word' id='word_1_314' title='bbox 347 3467 438 3534; x_wconf 92' lang='lat' dir='ltr'><strong>situm,</strong></span> <span class='ocrx_word' id='word_1_315' title='bbox 453 3477 480 3524; x_wconf 88' lang='lat' dir='ltr'><strong>ct</strong></span> <span class='ocrx_word' id='word_1_316' title='bbox 493 3467 528 3523; x_wconf 86' lang='lat' dir='ltr'><strong>ab</strong></span> <span class='ocrx_word' id='word_1_317' title='bbox 542 3467 639 3523; x_wconf 73' lang='lat' dir='ltr'><strong>heresi</strong></span> <span class='ocrx_word' id='word_1_318' title='bbox 652 3465 883 3522; x_wconf 87' lang='lat' dir='ltr'><strong>llarcionistarum</strong></span> <span class='ocrx_word' id='word_1_319' title='bbox 896 3481 944 3538; x_wconf 92' lang='lat' dir='ltr'><strong>op-</strong></span> 
     </span>
     <span class='ocr_line' id='line_1_37' title="bbox 150 3555 943 3636; baseline 0.005 -24"><span class='ocrx_word' id='word_1_320' title='bbox 150 3555 283 3626; x_wconf 82' lang='lat' dir='ltr'><strong>primitur,</strong></span> <span class='ocrx_word' id='word_1_321' title='bbox 297 3566 474 3615; x_wconf 89' lang='lat' dir='ltr'><strong>acturuscum</strong></span> <span class='ocrx_word' id='word_1_322' title='bbox 488 3558 583 3630; x_wconf 90' lang='lat' dir='ltr'><strong>quibus</strong></span> <span class='ocrx_word' id='word_1_323' title='bbox 594 3559 722 3629; x_wconf 88' lang='lat' dir='ltr'><strong>oportuit,</strong></span> <span class='ocrx_word' id='word_1_324' title='bbox 732 3566 760 3614; x_wconf 94' lang='lat' dir='ltr'><strong>et</strong></span> <span class='ocrx_word' id='word_1_325' title='bbox 771 3573 828 3636; x_wconf 85' lang='lat' dir='ltr'><strong>rem</strong></span> <span class='ocrx_word' id='word_1_326' title='bbox 837 3572 943 3616; x_wconf 89' lang='lat' dir='ltr'><strong>omnem</strong></span> 
     </span>
     <span class='ocr_line' id='line_1_38' title="bbox 152 3635 944 3721; baseline 0.009 -20"><span class='ocrx_word' id='word_1_327' title='bbox 152 3646 263 3712; x_wconf 82' lang='lat' dir='ltr'><strong>feliciter</strong></span> <span class='ocrx_word' id='word_1_328' title='bbox 272 3635 441 3707; x_wconf 80' lang='lat' dir='ltr'><strong>confecimus</strong></span> <span class='ocrx_word' id='word_1_329' title='bbox 454 3665 539 3720; x_wconf 89' lang='lat' dir='ltr'><strong>eram,</strong></span> <span class='ocrx_word' id='word_1_330' title='bbox 555 3650 607 3707; x_wconf 88' lang='lat' dir='ltr'><strong>uisi</strong></span> <span class='ocrx_word' id='word_1_331' title='bbox 621 3649 723 3721; x_wconf 76' lang='lat' dir='ltr'><strong>eiectus</strong></span> <span class='ocrx_word' id='word_1_332' title='bbox 734 3635 858 3708; x_wconf 86' lang='lat' dir='ltr'><strong>fuissem.</strong></span> <span class='ocrx_word' id='word_1_333' title='bbox 867 3651 944 3720; x_wconf 80' lang='lat' dir='ltr'><strong>Quod</strong></span> 
     </span>
     <span class='ocr_line' id='line_1_39' title="bbox 152 3737 943 3820; baseline 0.005 -27"><span class='ocrx_word' id='word_1_334' title='bbox 152 3737 175 3793; x_wconf 91' lang='lat' dir='ltr'><strong>si</strong></span> <span class='ocrx_word' id='word_1_335' title='bbox 189 3737 325 3796; x_wconf 89' lang='lat' dir='ltr'><strong>dominum</strong></span> <span class='ocrx_word' id='word_1_336' title='bbox 348 3755 438 3798; x_wconf 89' lang='lat' dir='ltr'><strong>meum</strong></span> <span class='ocrx_word' id='word_1_337' title='bbox 458 3739 601 3820; x_wconf 76' lang='lat' dir='ltr'><strong>Cyriacum</strong></span> <span class='ocrx_word' id='word_1_338' title='bbox 618 3741 773 3812; x_wconf 76' lang='lat' dir='ltr'><strong>episcopum</strong></span> <span class='ocrx_word' id='word_1_339' title='bbox 789 3739 943 3798; x_wconf 82' lang='lat' dir='ltr'><strong>Constanti·</strong></span> 
     </span>
     <span class='ocr_line' id='line_1_40' title="bbox 155 3817 943 3914; baseline 0.005 -30"><span class='ocrx_word' id='word_1_340' title='bbox 155 3829 245 3900; x_wconf 87' lang='lat' dir='ltr'><strong>nopoli</strong></span> <span class='ocrx_word' id='word_1_341' title='bbox 266 3832 503 3904; x_wconf 83' lang='lat' dir='ltr'><strong>essecognmeris,</strong></span> <span class='ocrx_word' id='word_1_342' title='bbox 517 3817 658 3914; x_wconf 70' lang='lat' dir='ltr'><strong>seribe&#39;ad</strong></span> <span class='ocrx_word' id='word_1_343' title='bbox 670 3817 797 3888; x_wconf 87' lang='lat' dir='ltr'><strong>cumbae</strong></span> <span class='ocrx_word' id='word_1_344' title='bbox 808 3830 842 3887; x_wconf 89' lang='lat' dir='ltr'><strong>de</strong></span> <span class='ocrx_word' id='word_1_345' title='bbox 853 3846 943 3900; x_wconf 89' lang='lat' dir='ltr'><strong>causa,</strong></span> 
     </span>
     <span class='ocr_line' id='line_1_41' title="bbox 155 3909 946 3996; baseline 0.005 -20"><span class='ocrx_word' id='word_1_346' title='bbox 155 3928 181 3976; x_wconf 90' lang='lat' dir='ltr'><strong>et</strong></span> <span class='ocrx_word' id='word_1_347' title='bbox 193 3921 322 3991; x_wconf 87' lang='lat' dir='ltr'><strong>perlicere</strong></span> <span class='ocrx_word' id='word_1_348' title='bbox 338 3923 361 3980; x_wconf 92' lang='lat' dir='ltr'><strong>is</strong></span> <span class='ocrx_word' id='word_1_349' title='bbox 374 3909 463 3980; x_wconf 87' lang='lat' dir='ltr'><strong>omnia</strong></span> <span class='ocrx_word' id='word_1_350' title='bbox 477 3909 738 3996; x_wconf 78' lang='lat' dir='ltr'><strong>poteritdobortarc</strong></span> <span class='ocrx_word' id='word_1_351' title='bbox 748 3933 886 3988; x_wconf 89' lang='lat' dir='ltr'><strong>omnes,et</strong></span> <span class='ocrx_word' id='word_1_352' title='bbox 899 3939 946 3996; x_wconf 92' lang='lat' dir='ltr'><strong>po-</strong></span> 
     </span>
     <span class='ocr_line' id='line_1_42' title="bbox 157 4001 946 4090; baseline 0.005 -23"><span class='ocrx_word' id='word_1_353' title='bbox 157 4011 286 4071; x_wconf 89' lang='lat' dir='ltr'><strong>tissimum</strong></span> <span class='ocrx_word' id='word_1_354' title='bbox 299 4029 347 4073; x_wconf 89' lang='lat' dir='ltr'><strong>eos</strong></span> <span class='ocrx_word' id='word_1_355' title='bbox 365 4003 414 4088; x_wconf 51' lang='lat' dir='ltr'><strong>qui¹</strong></span> <span class='ocrx_word' id='word_1_356' title='bbox 430 4015 554 4074; x_wconf 86' lang='lat' dir='ltr'><strong>fiduciam</strong></span> <span class='ocrx_word' id='word_1_357' title='bbox 580 4001 651 4090; x_wconf 89' lang='lat' dir='ltr'><strong>apud</strong></span> <span class='ocrx_word' id='word_1_358' title='bbox 676 4017 760 4073; x_wconf 86' lang='lat' dir='ltr'><strong>Deum</strong></span> <span class='ocrx_word' id='word_1_359' title='bbox 782 4016 892 4084; x_wconf 89' lang='lat' dir='ltr'><strong>habent,</strong></span> <span class='ocrx_word' id='word_1_360' title='bbox 917 4024 946 4073; x_wconf 93' lang='grc' dir='ltr'><strong>ιι</strong></span> 
     </span>
     <span class='ocr_line' id='line_1_43' title="bbox 155 4095 946 4180; baseline 0.006 -21"><span class='ocrx_word' id='word_1_361' title='bbox 155 4103 266 4160; x_wconf 85' lang='grc' dir='ltr'>ιιιΙιιιι</span> <span class='ocrx_word' id='word_1_362' title='bbox 281 4114 309 4162; x_wconf 88' lang='grc' dir='ltr'><strong>ιι</strong></span> <span class='ocrx_word' id='word_1_363' title='bbox 324 4095 432 4164; x_wconf 79' lang='lat' dir='ltr'><strong>assidue</strong></span> <span class='ocrx_word' id='word_1_364' title='bbox 444 4117 532 4176; x_wconf 89' lang='lat' dir='ltr'><strong>orent,</strong></span> <span class='ocrx_word' id='word_1_365' title='bbox 550 4117 579 4164; x_wconf 93' lang='lat' dir='ltr'><strong>ut</strong></span> <span class='ocrx_word' id='word_1_366' title='bbox 593 4121 712 4180; x_wconf 74' lang='lat' dir='ltr'><strong>praesens</strong></span> <span class='ocrx_word' id='word_1_367' title='bbox 725 4107 798 4164; x_wconf 92' lang='lat' dir='ltr'><strong>orbis</strong></span> <span class='ocrx_word' id='word_1_368' title='bbox 815 4116 946 4165; x_wconf 90' lang='lat' dir='ltr'><strong>terrarum</strong></span> 
     </span>
     <span class='ocr_line' id='line_1_44' title="bbox 156 4195 944 4282; baseline 0.005 -29"><span class='ocrx_word' id='word_1_369' title='bbox 156 4196 317 4270; x_wconf 76' lang='lat' dir='ltr'><strong>naubagium</strong></span> <span class='ocrx_word' id='word_1_370' title='bbox 339 4200 519 4274; x_wconf 87' lang='lat' dir='ltr'><strong>conquiescat.</strong></span> <span class='ocrx_word' id='word_1_371' title='bbox 542 4195 722 4282; x_wconf 81' lang='lat' dir='ltr'><strong>Intolerabilia</strong></span> <span class='ocrx_word' id='word_1_372' title='bbox 747 4201 819 4258; x_wconf 89' lang='lat' dir='ltr'><strong>enim</strong></span> <span class='ocrx_word' id='word_1_373' title='bbox 841 4201 944 4271; x_wconf 78' lang='lat' dir='ltr'><strong>Asiam,</strong></span> 
     </span>
     <span class='ocr_line' id='line_1_45' title="bbox 155 4290 945 4374; baseline 0.001 -28"><span class='ocrx_word' id='word_1_374' title='bbox 155 4290 272 4362; x_wconf 86' lang='lat' dir='ltr'><strong>aliasque</strong></span> <span class='ocrx_word' id='word_1_375' title='bbox 285 4291 366 4350; x_wconf 88' lang='lat' dir='ltr'><strong>orbes</strong></span> <span class='ocrx_word' id='word_1_376' title='bbox 379 4303 408 4350; x_wconf 91' lang='lat' dir='ltr'><strong>et</strong></span> <span class='ocrx_word' id='word_1_377' title='bbox 421 4293 558 4350; x_wconf 77' lang='lat' dir='ltr'><strong>Ecclesiae</strong></span> <span class='ocrx_word' id='word_1_378' title='bbox 576 4292 823 4361; x_wconf 81' lang='lat' dir='ltr'><strong>invaseruntmala,</strong></span> <span class='ocrx_word' id='word_1_379' title='bbox 836 4307 895 4364; x_wconf 88' lang='lat' dir='ltr'><strong>quae</strong></span> <span class='ocrx_word' id='word_1_380' title='bbox 910 4293 945 4374; x_wconf 80' lang='lat' dir='ltr'><strong>si·</strong></span> 
     </span>
     <span class='ocr_line' id='line_1_46' title="bbox 155 4375 948 4453; baseline 0.003 -17"><span class='ocrx_word' id='word_1_381' title='bbox 155 4381 275 4452; x_wconf 70' lang='lat' dir='ltr'><strong>gillatinu</strong></span> <span class='ocrx_word' id='word_1_382' title='bbox 291 4397 325 4438; x_wconf 91' lang='lat' dir='ltr'><strong>ne</strong></span> <span class='ocrx_word' id='word_1_383' title='bbox 338 4383 467 4442; x_wconf 88' lang='lat' dir='ltr'><strong>molestus</strong></span> <span class='ocrx_word' id='word_1_384' title='bbox 480 4399 540 4441; x_wconf 89' lang='lat' dir='ltr'><strong>csse</strong></span> <span class='ocrx_word' id='word_1_385' title='bbox 552 4383 655 4450; x_wconf 85' lang='lat' dir='ltr'><strong>ridear,</strong></span> <span class='ocrx_word' id='word_1_386' title='bbox 675 4375 833 4439; x_wconf 87' lang='lat' dir='ltr'><strong>enumerare</strong></span> <span class='ocrx_word' id='word_1_387' title='bbox 854 4393 948 4453; x_wconf 83' lang='lat' dir='ltr'><strong>supet·</strong></span> 
     </span>
     <span class='ocr_line' id='line_1_47' title="bbox 156 4468 946 4546; baseline 0.004 -19"><span class='ocrx_word' id='word_1_388' title='bbox 156 4470 251 4528; x_wconf 88' lang='lat' dir='ltr'><strong>sedeo:</strong></span> <span class='ocrx_word' id='word_1_389' title='bbox 267 4481 347 4546; x_wconf 90' lang='lat' dir='ltr'><strong>atque</strong></span> <span class='ocrx_word' id='word_1_390' title='bbox 359 4489 441 4531; x_wconf 90' lang='lat' dir='ltr'><strong>unum</strong></span> <span class='ocrx_word' id='word_1_391' title='bbox 456 4473 520 4532; x_wconf 92' lang='lat' dir='ltr'><strong>illud</strong></span> <span class='ocrx_word' id='word_1_392' title='bbox 534 4475 605 4546; x_wconf 88' lang='lat' dir='ltr'><strong>dico,</strong></span> <span class='ocrx_word' id='word_1_393' title='bbox 618 4473 700 4531; x_wconf 88' lang='lat' dir='ltr'><strong>muita</strong></span> <span class='ocrx_word' id='word_1_394' title='bbox 715 4489 788 4530; x_wconf 89' lang='lat' dir='ltr'><strong>nttnc</strong></span> <span class='ocrx_word' id='word_1_395' title='bbox 798 4484 825 4531; x_wconf 89' lang='lat' dir='ltr'><strong>ct</strong></span> <span class='ocrx_word' id='word_1_396' title='bbox 839 4468 946 4534; x_wconf 87' lang='lat' dir='ltr'><strong>assidua</strong></span> 
     </span>
     <span class='ocr_line' id='line_1_48' title="bbox 157 4553 865 4638; baseline 0.01 -20"><span class='ocrx_word' id='word_1_397' title='bbox 157 4577 293 4634; x_wconf 86' lang='lat' dir='ltr'><strong>opusessc</strong></span> <span class='ocrx_word' id='word_1_398' title='bbox 306 4567 470 4638; x_wconf 86' lang='lat' dir='ltr'><strong>precatione.</strong></span> <span class='ocrx_word' id='word_1_399' title='bbox 659 4553 661 4563; x_wconf 66' lang='grc'>’</span> <span class='ocrx_word' id='word_1_400' title='bbox 864 4571 865 4574; x_wconf 75' lang='grc'>’</span> 
     </span>
    </p>
   </div>
   <div class='ocr_carea' id='block_1_4' title="bbox 158 4693 947 4868">
    <p class='ocr_par' dir='ltr' id='par_1_4' title="bbox 158 4693 947 4868">
     <span class='ocr_line' id='line_1_49' title="bbox 158 4693 947 4776; baseline 0.009 -24"><span class='ocrx_word' id='word_1_401' title='bbox 158 4693 293 4753; x_wconf 78' lang='lat' dir='ltr'><strong>Cfflff.</strong></span> <span class='ocrx_word' id='word_1_402' title='bbox 312 4697 399 4767; x_wconf 69' lang='lat' dir='ltr'><strong>Coeo,</strong></span> <span class='ocrx_word' id='word_1_403' title='bbox 416 4699 699 4774; x_wconf 65' lang='lat' dir='ltr'><strong>Valeriodiiopftunlo,</strong></span> <span class='ocrx_word' id='word_1_404' title='bbox 711 4701 827 4775; x_wconf 76' lang='lat' dir='ltr'><strong>cyriace,</strong></span> <span class='ocrx_word' id='word_1_405' title='bbox 844 4703 947 4776; x_wconf 80' lang='lat' dir='ltr'><strong>prerip-</strong></span> 
     </span>
     <span class='ocr_line' id='line_1_50' title="bbox 273 4787 840 4868; baseline 0.009 -23"><span class='ocrx_word' id='word_1_406' title='bbox 273 4791 333 4846; x_wconf 82' lang='lat' dir='ltr'><strong>terie</strong></span> <span class='ocrx_word' id='word_1_407' title='bbox 351 4787 521 4849; x_wconf 72' lang='lat' dir='ltr'><strong>dntbcltenis.</strong></span> <span class='ocrx_word' id='word_1_408' title='bbox 540 4790 662 4867; x_wconf 79' lang='lat' dir='ltr'><strong>(Caeneo</strong></span> <span class='ocrx_word' id='word_1_409' title='bbox 675 4807 747 4850; x_wconf 90' lang='lat' dir='ltr'><strong>anno</strong></span> <span class='ocrx_word' id='word_1_410' title='bbox 760 4793 840 4868; x_wconf 83' lang='grc'><strong>404.)</strong></span> 
     </span>
    </p>
   </div>
   <div class='ocr_carea' id='block_1_5' title="bbox 62 4911 947 5092">
    <p class='ocr_par' dir='ltr' id='par_1_5' title="bbox 62 4911 947 5092">
     <span class='ocr_line' id='line_1_51' title="bbox 62 4911 947 5016; baseline 0.002 -34"><span class='ocrx_word' id='word_1_411' title='bbox 62 4991 63 5006; x_wconf 20' lang='lat'>¹</span> <span class='ocrx_word' id='word_1_412' title='bbox 148 4951 152 5008; x_wconf 67' lang='lat'><em>3</em></span> <span class='ocrx_word' id='word_1_413' title='bbox 189 4925 223 4983; x_wconf 84' lang='lat' dir='ltr'><strong>Et</strong></span> <span class='ocrx_word' id='word_1_414' title='bbox 236 4925 309 5016; x_wconf 88' lang='lat' dir='ltr'><strong>quod</strong></span> <span class='ocrx_word' id='word_1_415' title='bbox 322 4928 355 4983; x_wconf 90' lang='lat' dir='ltr'><strong>ad</strong></span> <span class='ocrx_word' id='word_1_416' title='bbox 370 4943 418 4986; x_wconf 90' lang='lat' dir='ltr'><strong>nos</strong></span> <span class='ocrx_word' id='word_1_417' title='bbox 439 4927 611 5002; x_wconf 86' lang='lat' dir='ltr'><strong>scripseritis,</strong></span> <span class='ocrx_word' id='word_1_418' title='bbox 625 4911 652 4984; x_wconf 80' lang='lat' dir='ltr'><strong>et</strong></span> <span class='ocrx_word' id='word_1_419' title='bbox 666 4927 736 5000; x_wconf 86' lang='lat' dir='ltr'><strong>quod</strong></span> <span class='ocrx_word' id='word_1_420' title='bbox 751 4927 835 4986; x_wconf 92' lang='lat' dir='ltr'><strong>literis</strong></span> <span class='ocrx_word' id='word_1_421' title='bbox 845 4927 947 4986; x_wconf 84' lang='lat' dir='ltr'><strong>nos&#39;la·</strong></span> 
     </span>
     <span class='ocr_line' id='line_1_52' title="bbox 62 5015 946 5092; baseline 0.01 -23"><span class='ocrx_word' id='word_1_422' title='bbox 62 5015 63 5024; x_wconf 75' lang='grc'>’</span> <span class='ocrx_word' id='word_1_423' title='bbox 158 5029 262 5072; x_wconf 86' lang='lat' dir='ltr'><strong>cessere</strong></span> <span class='ocrx_word' id='word_1_424' title='bbox 273 5018 421 5088; x_wconf 82' lang='lat' dir='ltr'><strong>volueritis,</strong></span> <span class='ocrx_word' id='word_1_425' title='bbox 435 5036 468 5078; x_wconf 88' lang='lat' dir='ltr'><strong>ac</strong></span> <span class='ocrx_word' id='word_1_426' title='bbox 484 5015 575 5079; x_wconf 84' lang='lat' dir='ltr'><strong>literas</strong></span> <span class='ocrx_word' id='word_1_427' title='bbox 588 5037 603 5078; x_wconf 81' lang='lat' dir='ltr'><strong>a</strong></span> <span class='ocrx_word' id='word_1_428' title='bbox 615 5021 692 5080; x_wconf 89' lang='lat' dir='ltr'><strong>nobis</strong></span> <span class='ocrx_word' id='word_1_429' title='bbox 707 5030 809 5092; x_wconf 84' lang='lat' dir='ltr'><strong>petere,</strong></span> <span class='ocrx_word' id='word_1_430' title='bbox 822 5017 946 5080; x_wconf 89' lang='lat' dir='ltr'><strong>modum·</strong></span> 
     </span>
    </p>
   </div>
   <div class='ocr_carea' id='block_1_6' title="bbox 157 5105 948 5280">
    <p class='ocr_par' dir='ltr' id='par_1_6' title="bbox 157 5105 948 5280">
     <span class='ocr_line' id='line_1_53' title="bbox 157 5105 948 5188; baseline 0.014 -28"><span class='ocrx_word' id='word_1_431' title='bbox 157 5119 207 5175; x_wconf 92' lang='lat' dir='ltr'><strong>que</strong></span> <span class='ocrx_word' id='word_1_432' title='bbox 227 5105 348 5177; x_wconf 74' lang='lat' dir='ltr'><strong>epistole</strong></span> <span class='ocrx_word' id='word_1_433' title='bbox 364 5112 495 5169; x_wconf 83' lang='lat' dir='ltr'><strong>excedere</strong></span> <span class='ocrx_word' id='word_1_434' title='bbox 514 5113 657 5184; x_wconf 83' lang='lat' dir='ltr'><strong>jusseritis,</strong></span> <span class='ocrx_word' id='word_1_435' title='bbox 679 5114 707 5171; x_wconf 94' lang='lat' dir='ltr'><strong>id</strong></span> <span class='ocrx_word' id='word_1_436' title='bbox 726 5123 883 5188; x_wconf 87' lang='lat' dir='ltr'><strong>argumento</strong></span> <span class='ocrx_word' id='word_1_437' title='bbox 897 5115 948 5171; x_wconf 90' lang='lat' dir='ltr'><strong>fuit</strong></span> 
     </span>
     <span class='ocr_line' id='line_1_54' title="bbox 157 5193 946 5280; baseline 0.015 -30"><span class='ocrx_word' id='word_1_438' title='bbox 157 5209 204 5251; x_wconf 84' lang='lat' dir='ltr'><strong>sos</strong></span> <span class='ocrx_word' id='word_1_439' title='bbox 217 5193 384 5254; x_wconf 87' lang='lat' dir='ltr'><strong>insaturabili</strong></span> <span class='ocrx_word' id='word_1_440' title='bbox 406 5209 435 5256; x_wconf 91' lang='lat' dir='ltr'><strong>et</strong></span> <span class='ocrx_word' id='word_1_441' title='bbox 447 5199 549 5258; x_wconf 89' lang='lat' dir='ltr'><strong>insano-</strong></span> <span class='ocrx_word' id='word_1_442' title='bbox 564 5217 627 5275; x_wconf 89' lang='lat' dir='ltr'><strong>erga</strong></span> <span class='ocrx_word' id='word_1_443' title='bbox 649 5219 699 5261; x_wconf 92' lang='lat' dir='ltr'><strong>nos</strong></span> <span class='ocrx_word' id='word_1_444' title='bbox 711 5218 803 5262; x_wconf 91' lang='lat' dir='ltr'><strong>amore</strong></span> <span class='ocrx_word' id='word_1_445' title='bbox 824 5205 946 5280; x_wconf 63' lang='lat' dir='ltr'><strong>flagrare,</strong></span> 
     </span>
    </p>
   </div>
   <div class='ocr_carea' id='block_1_7' title="bbox 158 5319 989 5712">
    <p class='ocr_par' dir='ltr' id='par_1_7' title="bbox 158 5319 989 5712">
     <span class='ocr_line' id='line_1_55' title="bbox 187 5319 977 5428; baseline 0.014 -29"><span class='ocrx_word' id='word_1_446' title='bbox 187 5348 223 5412; x_wconf 88' lang='grc' dir='ltr'><strong>(ι)</strong></span> <span class='ocrx_word' id='word_1_447' title='bbox 238 5349 344 5402; x_wconf 77' lang='grc' dir='ltr'>ιιοιιιιί</span> <span class='ocrx_word' id='word_1_448' title='bbox 365 5351 465 5414; x_wconf 89' lang='lat' dir='ltr'><strong>inclusi,</strong></span> <span class='ocrx_word' id='word_1_449' title='bbox 487 5355 529 5418; x_wconf 90' lang='lat' dir='ltr'><strong>qui</strong></span> <span class='ocrx_word' id='word_1_450' title='bbox 547 5337 606 5428; x_wconf 78' lang='lat' dir='ltr'><strong>sese</strong></span> <span class='ocrx_word' id='word_1_451' title='bbox 623 5353 749 5428; x_wconf 78' lang='lat' dir='ltr'><strong>locellula</strong></span> <span class='ocrx_word' id='word_1_452' title='bbox 757 5357 860 5422; x_wconf 91' lang='lat' dir='ltr'><strong>quadam</strong></span> <span class='ocrx_word' id='word_1_453' title='bbox 871 5359 947 5410; x_wconf 87' lang='lat' dir='ltr'><strong>abde·</strong></span> <span class='ocrx_word' id='word_1_454' title='bbox 958 5319 977 5360; x_wconf 22' lang='grc' dir='ltr'><strong>ξ’</strong></span> 
     </span>
     <span class='ocr_line' id='line_1_56' title="bbox 158 5409 949 5489; baseline 0.014 -28"><span class='ocrx_word' id='word_1_455' title='bbox 158 5409 229 5484; x_wconf 41' lang='lat' dir='ltr'><strong>bats,</strong></span> <span class='ocrx_word' id='word_1_456' title='bbox 244 5411 398 5488; x_wconf 78' lang='lat' dir='ltr'><strong>frequenter¹</strong></span> <span class='ocrx_word' id='word_1_457' title='bbox 411 5424 579 5489; x_wconf 83' lang='lat' dir='ltr'><strong>taaemoraatur¹</strong></span> <span class='ocrx_word' id='word_1_458' title='bbox 596 5429 622 5467; x_wconf 87' lang='lat' dir='ltr'><strong>ro</strong></span> <span class='ocrx_word' id='word_1_459' title='bbox 633 5417 731 5470; x_wconf 75' lang='lat' dir='ltr'><strong>hmmla</strong></span> <span class='ocrx_word' id='word_1_460' title='bbox 749 5419 910 5470; x_wconf 87' lang='lat' dir='ltr'><strong>ecclesiastice</strong></span> <span class='ocrx_word' id='word_1_461' title='bbox 922 5429 949 5472; x_wconf 87' lang='lat' dir='ltr'><strong>et</strong></span> 
     </span>
     <span class='ocr_line' id='line_1_57' title="bbox 159 5473 945 5546; baseline 0.013 -26"><span class='ocrx_word' id='word_1_462' title='bbox 159 5479 305 5523; x_wconf 78' lang='lat' dir='ltr'><strong>asceticam</strong></span> <span class='ocrx_word' id='word_1_463' title='bbox 325 5473 427 5537; x_wconf 79' lang='lat' dir='ltr'><strong>eputofa</strong></span> <span class='ocrx_word' id='word_1_464' title='bbox 447 5483 530 5527; x_wconf 88' lang='lat' dir='ltr'><strong>autem</strong></span> <span class='ocrx_word' id='word_1_465' title='bbox 545 5488 621 5541; x_wconf 71' lang='lat' dir='ltr'><strong>mama</strong></span> <span class='ocrx_word' id='word_1_466' title='bbox 637 5478 667 5528; x_wconf 90' lang='lat' dir='ltr'><strong>ad</strong></span> <span class='ocrx_word' id='word_1_467' title='bbox 683 5479 833 5531; x_wconf 74' lang='lat' dir='ltr'><strong>Theodorum</strong></span> <span class='ocrx_word' id='word_1_468' title='bbox 846 5481 945 5546; x_wconf 89' lang='lat' dir='ltr'><strong>lapsum,</strong></span> 
     </span>
     <span class='ocr_line' id='line_1_58' title="bbox 159 5534 948 5616; baseline 0.016 -36"><span class='ocrx_word' id='word_1_469' title='bbox 159 5537 229 5606; x_wconf 81' lang='lat' dir='ltr'><strong>toruo</strong></span> <span class='ocrx_word' id='word_1_470' title='bbox 240 5541 257 5596; x_wconf 92' lang='lat' dir='ltr'><strong>l,</strong></span> <span class='ocrx_word' id='word_1_471' title='bbox 268 5534 393 5586; x_wconf 87' lang='lat' dir='ltr'><strong>bistorlam</strong></span> <span class='ocrx_word' id='word_1_472' title='bbox 401 5537 478 5612; x_wconf 75' lang='lat' dir='ltr'><strong>babes</strong></span> <span class='ocrx_word' id='word_1_473' title='bbox 488 5539 599 5614; x_wconf 77' lang='lat' dir='ltr'><strong>monachi</strong></span> <span class='ocrx_word' id='word_1_474' title='bbox 607 5541 730 5603; x_wconf 73' lang='lat' dir='ltr'><strong>eujrtmnm</strong></span> <span class='ocrx_word' id='word_1_475' title='bbox 741 5543 783 5606; x_wconf 91' lang='lat' dir='ltr'><strong>qui</strong></span> <span class='ocrx_word' id='word_1_476' title='bbox 804 5539 893 5616; x_wconf 77' lang='lat' dir='ltr'><strong>lapsus,</strong></span> <span class='ocrx_word' id='word_1_477' title='bbox 907 5557 948 5604; x_wconf 89' lang='lat' dir='ltr'><strong>po-</strong></span> 
     </span>
     <span class='ocr_line' id='line_1_59' title="bbox 159 5595 989 5712; baseline 0.02 -69"><span class='ocrx_word' id='word_1_478' title='bbox 159 5595 509 5712; x_wconf 49' lang='lat' dir='ltr'><strong>gffissfflfflffim</strong></span> <span class='ocrx_word' id='word_1_479' title='bbox 518 5609 620 5663; x_wconf 84' lang='lat' dir='ltr'><strong>curarn,</strong></span> <span class='ocrx_word' id='word_1_480' title='bbox 632 5609 659 5654; x_wconf 89' lang='lat' dir='ltr'><strong>et</strong></span> <span class='ocrx_word' id='word_1_481' title='bbox 669 5603 820 5672; x_wconf 85' lang='lat' dir='ltr'><strong>bocgenere¹</strong></span> <span class='ocrx_word' id='word_1_482' title='bbox 828 5611 884 5656; x_wconf 81' lang='grc' dir='ltr'>ιιιιι</span> <span class='ocrx_word' id='word_1_483' title='bbox 895 5602 948 5668; x_wconf 84' lang='lat' dir='ltr'><strong>ptu-</strong></span> <span class='ocrx_word' id='word_1_484' title='bbox 964 5620 989 5663; x_wconf 75' lang='grc' dir='ltr'><strong>,ι</strong></span> 
     </span>
    </p>
   </div>
   <div class='ocr_carea' id='block_1_8' title="bbox 985 989 1862 4536">
    <p class='ocr_par' dir='ltr' id='par_1_8' title="bbox 985 989 1862 4536">
     <span class='ocr_line' id='line_1_60' title="bbox 985 989 1777 1068; baseline 0.008 -21"><span class='ocrx_word' id='word_1_485' title='bbox 985 989 1080 1064; x_wconf 78' lang='lat' dir='ltr'><strong>gentes</strong></span> <span class='ocrx_word' id='word_1_486' title='bbox 1092 994 1204 1064; x_wconf 88' lang='lat' dir='ltr'><strong>agimus,</strong></span> <span class='ocrx_word' id='word_1_487' title='bbox 1219 994 1289 1067; x_wconf 90' lang='lat' dir='ltr'><strong>quod</strong></span> <span class='ocrx_word' id='word_1_488' title='bbox 1301 995 1370 1051; x_wconf 90' lang='lat' dir='ltr'><strong>adeo</strong></span> <span class='ocrx_word' id='word_1_489' title='bbox 1387 995 1519 1051; x_wconf 88' lang='lat' dir='ltr'><strong>sinceram</strong></span> <span class='ocrx_word' id='word_1_490' title='bbox 1539 1009 1601 1068; x_wconf 92' lang='lat' dir='ltr'><strong>erga</strong></span> <span class='ocrx_word' id='word_1_491' title='bbox 1621 1010 1671 1052; x_wconf 90' lang='lat' dir='ltr'><strong>nos</strong></span> <span class='ocrx_word' id='word_1_492' title='bbox 1695 997 1777 1054; x_wconf 89' lang='lat' dir='ltr'><strong>bene·</strong></span> 
     </span>
     <span class='ocr_line' id='line_1_61' title="bbox 987 1084 1778 1166; baseline 0.006 -27"><span class='ocrx_word' id='word_1_493' title='bbox 987 1084 1131 1140; x_wconf 77' lang='lat' dir='ltr'><strong>solentiam</strong></span> <span class='ocrx_word' id='word_1_494' title='bbox 1162 1087 1383 1143; x_wconf 77' lang='lat' dir='ltr'><strong>conservaveritis</strong></span> <span class='ocrx_word' id='word_1_495' title='bbox 1405 1103 1414 1141; x_wconf 80' lang='lat' dir='ltr'><strong>t</strong></span> <span class='ocrx_word' id='word_1_496' title='bbox 1439 1101 1489 1143; x_wconf 91' lang='lat' dir='ltr'><strong>nos</strong></span> <span class='ocrx_word' id='word_1_497' title='bbox 1519 1101 1585 1144; x_wconf 82' lang='lat' dir='ltr'><strong>tero</strong></span> <span class='ocrx_word' id='word_1_498' title='bbox 1601 1086 1778 1166; x_wconf 78' lang='lat' dir='ltr'><strong>‘ubicumque</strong></span> 
     </span>
     <span class='ocr_line' id='line_1_62' title="bbox 986 1176 1780 1252; baseline 0.004 -19"><span class='ocrx_word' id='word_1_499' title='bbox 986 1177 1105 1249; x_wconf 84' lang='lat' dir='ltr'><strong>gentium</strong></span> <span class='ocrx_word' id='word_1_500' title='bbox 1122 1176 1260 1246; x_wconf 77' lang='lat' dir='ltr'><strong>fuerimus,</strong></span> <span class='ocrx_word' id='word_1_501' title='bbox 1272 1180 1335 1235; x_wconf 90' lang='lat' dir='ltr'><strong>lieet</strong></span> <span class='ocrx_word' id='word_1_502' title='bbox 1346 1180 1378 1235; x_wconf 90' lang='lat' dir='ltr'><strong>ad</strong></span> <span class='ocrx_word' id='word_1_503' title='bbox 1393 1179 1466 1252; x_wconf 89' lang='lat' dir='ltr'><strong>ipsos</strong></span> <span class='ocrx_word' id='word_1_504' title='bbox 1479 1179 1553 1236; x_wconf 90' lang='lat' dir='ltr'><strong>orbis</strong></span> <span class='ocrx_word' id='word_1_505' title='bbox 1568 1188 1697 1245; x_wconf 88' lang='lat' dir='ltr'><strong>terrarum</strong></span> <span class='ocrx_word' id='word_1_506' title='bbox 1711 1181 1780 1236; x_wconf 69' lang='lat' dir='ltr'><strong>bna</strong></span> 
     </span>
     <span class='ocr_line' id='line_1_63' title="bbox 987 1265 1778 1338; baseline 0.008 -16"><span class='ocrx_word' id='word_1_507' title='bbox 987 1265 1149 1336; x_wconf 87' lang='lat' dir='ltr'><strong>deferamur,</strong></span> <span class='ocrx_word' id='word_1_508' title='bbox 1166 1267 1228 1323; x_wconf 90' lang='lat' dir='ltr'><strong>licet</strong></span> <span class='ocrx_word' id='word_1_509' title='bbox 1241 1267 1274 1324; x_wconf 88' lang='lat' dir='ltr'><strong>ad</strong></span> <span class='ocrx_word' id='word_1_510' title='bbox 1298 1270 1386 1326; x_wconf 86' lang='lat' dir='ltr'><strong>locum</strong></span> <span class='ocrx_word' id='word_1_511' title='bbox 1409 1270 1462 1328; x_wconf 89' lang='lat' dir='ltr'><strong>froc</strong></span> <span class='ocrx_word' id='word_1_512' title='bbox 1485 1271 1570 1326; x_wconf 91' lang='lat' dir='ltr'><strong>multo</strong></span> <span class='ocrx_word' id='word_1_513' title='bbox 1591 1271 1778 1338; x_wconf 77' lang='lat' dir='ltr'><strong>desertionem,</strong></span> 
     </span>
     <span class='ocr_line' id='line_1_64' title="bbox 987 1358 1784 1432; baseline 0.005 -18"><span class='ocrx_word' id='word_1_514' title='bbox 987 1372 1036 1415; x_wconf 86' lang='lat' dir='ltr'><strong>ros</strong></span> <span class='ocrx_word' id='word_1_515' title='bbox 1058 1367 1148 1415; x_wconf 88' lang='lat' dir='ltr'><strong>mente</strong></span> <span class='ocrx_word' id='word_1_516' title='bbox 1169 1358 1387 1416; x_wconf 84' lang='lat' dir='ltr'><strong>circumferentes</strong></span> <span class='ocrx_word' id='word_1_517' title='bbox 1404 1362 1546 1428; x_wconf 88' lang='lat' dir='ltr'><strong>abibimus,</strong></span> <span class='ocrx_word' id='word_1_518' title='bbox 1567 1362 1714 1432; x_wconf 87' lang='lat' dir='ltr'><strong>insculptos</strong></span> <span class='ocrx_word' id='word_1_519' title='bbox 1731 1376 1784 1418; x_wconf 87' lang='lat' dir='ltr'><strong>ros</strong></span> 
     </span>
     <span class='ocr_line' id='line_1_65' title="bbox 990 1449 1782 1526; baseline 0.006 -21"><span class='ocrx_word' id='word_1_520' title='bbox 990 1449 1080 1505; x_wconf 91' lang='lat' dir='ltr'><strong>animo</strong></span> <span class='ocrx_word' id='word_1_521' title='bbox 1093 1458 1122 1505; x_wconf 93' lang='lat' dir='ltr'><strong>et</strong></span> <span class='ocrx_word' id='word_1_522' title='bbox 1135 1449 1235 1506; x_wconf 88' lang='lat' dir='ltr'><strong>incisos</strong></span> <span class='ocrx_word' id='word_1_523' title='bbox 1249 1451 1356 1523; x_wconf 87' lang='lat' dir='ltr'><strong>pectore</strong></span> <span class='ocrx_word' id='word_1_524' title='bbox 1375 1463 1465 1509; x_wconf 79' lang='lat' dir='ltr'><strong>nosne</strong></span> <span class='ocrx_word' id='word_1_525' title='bbox 1474 1462 1619 1524; x_wconf 70' lang='lat' dir='ltr'><strong>gestantes,</strong></span> <span class='ocrx_word' id='word_1_526' title='bbox 1635 1469 1723 1526; x_wconf 88' lang='lat' dir='ltr'><strong>acque</strong></span> <span class='ocrx_word' id='word_1_527' title='bbox 1734 1453 1782 1510; x_wconf 88' lang='lat' dir='ltr'><strong>iti·</strong></span> 
     </span>
     <span class='ocr_line' id='line_1_66' title="bbox 989 1539 1784 1616; baseline 0.008 -22"><span class='ocrx_word' id='word_1_528' title='bbox 989 1539 1062 1595; x_wconf 88' lang='lat' dir='ltr'><strong>neris</strong></span> <span class='ocrx_word' id='word_1_529' title='bbox 1074 1539 1264 1610; x_wconf 89' lang='lat' dir='ltr'><strong>longinquitas,</strong></span> <span class='ocrx_word' id='word_1_530' title='bbox 1273 1555 1361 1611; x_wconf 89' lang='lat' dir='ltr'><strong>neque</strong></span> <span class='ocrx_word' id='word_1_531' title='bbox 1374 1544 1502 1612; x_wconf 90' lang='lat' dir='ltr'><strong>temporis</strong></span> <span class='ocrx_word' id='word_1_532' title='bbox 1515 1543 1686 1614; x_wconf 83' lang='lat' dir='ltr'><strong>dirutumitas,</strong></span> <span class='ocrx_word' id='word_1_533' title='bbox 1694 1547 1784 1616; x_wconf 77' lang='lat' dir='ltr'><strong>nequae</strong></span> 
     </span>
     <span class='ocr_line' id='line_1_67' title="bbox 990 1632 1789 1706; baseline 0.005 -17"><span class='ocrx_word' id='word_1_534' title='bbox 990 1632 1067 1689; x_wconf 85' lang='lat' dir='ltr'><strong>turba</strong></span> <span class='ocrx_word' id='word_1_535' title='bbox 1078 1633 1261 1689; x_wconf 89' lang='lat' dir='ltr'><strong>calamitatum</strong></span> <span class='ocrx_word' id='word_1_536' title='bbox 1273 1634 1478 1705; x_wconf 83' lang='lat' dir='ltr'><strong>negligentiores</strong></span> <span class='ocrx_word' id='word_1_537' title='bbox 1490 1651 1552 1706; x_wconf 87' lang='lat' dir='ltr'><strong>erga</strong></span> <span class='ocrx_word' id='word_1_538' title='bbox 1564 1637 1722 1692; x_wconf 80' lang='lat' dir='ltr'><strong>suauitatem</strong></span> <span class='ocrx_word' id='word_1_539' title='bbox 1736 1652 1789 1693; x_wconf 61' lang='lat' dir='ltr'><strong>tre-¹</strong></span> 
     </span>
     <span class='ocr_line' id='line_1_68' title="bbox 989 1721 1783 1796; baseline 0.003 -16"><span class='ocrx_word' id='word_1_540' title='bbox 989 1735 1073 1780; x_wconf 89' lang='lat' dir='ltr'><strong>stram</strong></span> <span class='ocrx_word' id='word_1_541' title='bbox 1093 1738 1144 1780; x_wconf 89' lang='lat' dir='ltr'><strong>uos</strong></span> <span class='ocrx_word' id='word_1_542' title='bbox 1156 1723 1283 1789; x_wconf 87' lang='lat' dir='ltr'><strong>reddidit,</strong></span> <span class='ocrx_word' id='word_1_543' title='bbox 1298 1721 1346 1779; x_wconf 78' lang='lat' dir='ltr'><strong>scd</strong></span> <span class='ocrx_word' id='word_1_544' title='bbox 1359 1723 1435 1793; x_wconf 90' lang='lat' dir='ltr'><strong>quasi</strong></span> <span class='ocrx_word' id='word_1_545' title='bbox 1453 1739 1507 1779; x_wconf 90' lang='lat' dir='ltr'><strong>nen</strong></span> <span class='ocrx_word' id='word_1_546' title='bbox 1522 1725 1557 1779; x_wconf 89' lang='lat' dir='ltr'><strong>ita</strong></span> <span class='ocrx_word' id='word_1_547' title='bbox 1578 1725 1681 1796; x_wconf 85' lang='lat' dir='ltr'><strong>pridem</strong></span> <span class='ocrx_word' id='word_1_548' title='bbox 1694 1726 1783 1782; x_wconf 87' lang='lat' dir='ltr'><strong>robis·</strong></span> 
     </span>
     <span class='ocr_line' id='line_1_69' title="bbox 990 1814 1784 1886; baseline 0 -14"><span class='ocrx_word' id='word_1_549' title='bbox 990 1830 1052 1872; x_wconf 89' lang='lat' dir='ltr'><strong>curn</strong></span> <span class='ocrx_word' id='word_1_550' title='bbox 1066 1815 1163 1872; x_wconf 83' lang='lat' dir='ltr'><strong>uersati</strong></span> <span class='ocrx_word' id='word_1_551' title='bbox 1177 1814 1316 1882; x_wconf 88' lang='lat' dir='ltr'><strong>fuerimus,</strong></span> <span class='ocrx_word' id='word_1_552' title='bbox 1330 1815 1384 1871; x_wconf 91' lang='lat' dir='ltr'><strong>imo</strong></span> <span class='ocrx_word' id='word_1_553' title='bbox 1397 1829 1462 1870; x_wconf 86' lang='lat' dir='ltr'><strong>rere</strong></span> <span class='ocrx_word' id='word_1_554' title='bbox 1478 1816 1553 1886; x_wconf 86' lang='lat' dir='ltr'><strong>qnasi</strong></span> <span class='ocrx_word' id='word_1_555' title='bbox 1571 1815 1709 1872; x_wconf 79' lang='lat' dir='ltr'><strong>vobiscum</strong></span> <span class='ocrx_word' id='word_1_556' title='bbox 1723 1828 1784 1886; x_wconf 89' lang='lat' dir='ltr'><strong>per-</strong></span> 
     </span>
     <span class='ocr_line' id='line_1_70' title="bbox 990 1904 1785 1984; baseline -0.003 -18"><span class='ocrx_word' id='word_1_557' title='bbox 990 1919 1072 1984; x_wconf 89' lang='lat' dir='ltr'><strong>petuo</strong></span> <span class='ocrx_word' id='word_1_558' title='bbox 1083 1904 1276 1978; x_wconf 78' lang='lat' dir='ltr'><strong>versemur,&#39;ut</strong></span> <span class='ocrx_word' id='word_1_559' title='bbox 1289 1922 1320 1964; x_wconf 90' lang='lat' dir='ltr'><strong>re</strong></span> <span class='ocrx_word' id='word_1_560' title='bbox 1330 1921 1393 1963; x_wconf 89' lang='lat' dir='ltr'><strong>rcra</strong></span> <span class='ocrx_word' id='word_1_561' title='bbox 1409 1921 1557 1976; x_wconf 79' lang='lat' dir='ltr'><strong>versamur,</strong></span> <span class='ocrx_word' id='word_1_562' title='bbox 1575 1908 1611 1963; x_wconf 86' lang='lat' dir='ltr'><strong>ita</strong></span> <span class='ocrx_word' id='word_1_563' title='bbox 1628 1916 1679 1964; x_wconf 85' lang='lat' dir='ltr'><strong>¹ros</strong></span> <span class='ocrx_word' id='word_1_564' title='bbox 1695 1909 1785 1964; x_wconf 85' lang='lat' dir='ltr'><strong>cerni·</strong></span> 
     </span>
     <span class='ocr_line' id='line_1_71' title="bbox 991 1998 1789 2070; baseline -0.001 -13"><span class='ocrx_word' id='word_1_565' title='bbox 991 2013 1069 2070; x_wconf 89' lang='lat' dir='ltr'><strong>mus,</strong></span> <span class='ocrx_word' id='word_1_566' title='bbox 1097 1999 1268 2057; x_wconf 82' lang='lat' dir='ltr'><strong>stratilatis</strong></span> <span class='ocrx_word' id='word_1_567' title='bbox 1290 1998 1376 2055; x_wconf 88' lang='lat' dir='ltr'><strong>oculis</strong></span> <span class='ocrx_word' id='word_1_568' title='bbox 1400 1998 1621 2069; x_wconf 86' lang='lat' dir='ltr'><strong>contemplamur.</strong></span> <span class='ocrx_word' id='word_1_569' title='bbox 1647 1999 1789 2070; x_wconf 77' lang='lat' dir='ltr'><strong>Ejusmodi·</strong></span> 
     </span>
     <span class='ocr_line' id='line_1_72' title="bbox 991 2086 1780 2159; baseline 0 -10"><span class='ocrx_word' id='word_1_570' title='bbox 991 2093 1065 2149; x_wconf 88' lang='lat' dir='ltr'><strong>enim</strong></span> <span class='ocrx_word' id='word_1_571' title='bbox 1075 2099 1118 2148; x_wconf 88' lang='lat' dir='ltr'><strong>est</strong></span> <span class='ocrx_word' id='word_1_572' title='bbox 1129 2092 1246 2148; x_wconf 89' lang='lat' dir='ltr'><strong>amicitia</strong></span> <span class='ocrx_word' id='word_1_573' title='bbox 1257 2109 1265 2145; x_wconf 79' lang='grc' dir='ltr'><strong>ι</strong></span> <span class='ocrx_word' id='word_1_574' title='bbox 1277 2105 1330 2146; x_wconf 92' lang='lat' dir='ltr'><strong>non</strong></span> <span class='ocrx_word' id='word_1_575' title='bbox 1346 2089 1471 2146; x_wconf 87' lang='lat' dir='ltr'><strong>itinerum</strong></span> <span class='ocrx_word' id='word_1_576' title='bbox 1485 2086 1625 2148; x_wconf 75' lang='lat' dir='ltr'><strong>intervallo</strong></span> <span class='ocrx_word' id='word_1_577' title='bbox 1637 2091 1780 2159; x_wconf 87' lang='lat' dir='ltr'><strong>dirimitur,</strong></span> 
     </span>
     <span class='ocr_line' id='line_1_73' title="bbox 993 2174 1783 2254; baseline 0.003 -16"><span class='ocrx_word' id='word_1_578' title='bbox 993 2197 1048 2240; x_wconf 90' lang='lat' dir='ltr'><strong>non</strong></span> <span class='ocrx_word' id='word_1_579' title='bbox 1061 2183 1141 2254; x_wconf 86' lang='lat' dir='ltr'><strong>longo</strong></span> <span class='ocrx_word' id='word_1_580' title='bbox 1153 2181 1258 2239; x_wconf 89' lang='lat' dir='ltr'><strong>dicrum</strong></span> <span class='ocrx_word' id='word_1_581' title='bbox 1271 2174 1358 2252; x_wconf 81' lang='lat' dir='ltr'><strong>spatio</strong></span> <span class='ocrx_word' id='word_1_582' title='bbox 1370 2181 1533 2249; x_wconf 89' lang='lat' dir='ltr'><strong>debilitatur,</strong></span> <span class='ocrx_word' id='word_1_583' title='bbox 1546 2196 1598 2238; x_wconf 90' lang='lat' dir='ltr'><strong>non</strong></span> <span class='ocrx_word' id='word_1_584' title='bbox 1611 2183 1783 2240; x_wconf 86' lang='lat' dir='ltr'><strong>afflictionum</strong></span> 
     </span>
     <span class='ocr_line' id='line_1_74' title="bbox 992 2263 1783 2348; baseline -0.003 -13"><span class='ocrx_word' id='word_1_585' title='bbox 992 2278 1070 2336; x_wconf 89' lang='lat' dir='ltr'><strong>turba</strong></span> <span class='ocrx_word' id='word_1_586' title='bbox 1083 2263 1236 2348; x_wconf 79' lang='lat' dir='ltr'><strong>superator,</strong></span> <span class='ocrx_word' id='word_1_587' title='bbox 1253 2276 1301 2332; x_wconf 88' lang='lat' dir='ltr'><strong>sed</strong></span> <span class='ocrx_word' id='word_1_588' title='bbox 1325 2276 1352 2332; x_wconf 93' lang='lat' dir='ltr'><strong>in</strong></span> <span class='ocrx_word' id='word_1_589' title='bbox 1371 2275 1453 2331; x_wconf 89' lang='lat' dir='ltr'><strong>altum</strong></span> <span class='ocrx_word' id='word_1_590' title='bbox 1480 2283 1608 2347; x_wconf 87' lang='lat' dir='ltr'><strong>perpetuo</strong></span> <span class='ocrx_word' id='word_1_591' title='bbox 1629 2277 1738 2343; x_wconf 92' lang='lat' dir='ltr'><strong>tollitur,</strong></span> <span class='ocrx_word' id='word_1_592' title='bbox 1753 2285 1783 2333; x_wconf 88' lang='grc' dir='ltr'><strong>ιι</strong></span> 
     </span>
     <span class='ocr_line' id='line_1_75' title="bbox 992 2353 1786 2438; baseline -0.004 -12"><span class='ocrx_word' id='word_1_593' title='bbox 992 2353 1224 2426; x_wconf 79' lang='lat' dir='ltr'><strong>flammmcursum</strong></span> <span class='ocrx_word' id='word_1_594' title='bbox 1239 2367 1367 2428; x_wconf 89' lang='lat' dir='ltr'><strong>imitatur,</strong></span> <span class='ocrx_word' id='word_1_595' title='bbox 1383 2367 1469 2438; x_wconf 76' lang='lat' dir='ltr'><strong>Atque</strong></span> <span class='ocrx_word' id='word_1_596' title='bbox 1484 2367 1536 2422; x_wconf 88' lang='lat' dir='ltr'><strong>ltoc</strong></span> <span class='ocrx_word' id='word_1_597' title='bbox 1553 2381 1602 2423; x_wconf 87' lang='lat' dir='ltr'><strong>ros</strong></span> <span class='ocrx_word' id='word_1_598' title='bbox 1613 2382 1668 2437; x_wconf 78' lang='lat' dir='ltr'><strong>prm</strong></span> <span class='ocrx_word' id='word_1_599' title='bbox 1680 2367 1786 2424; x_wconf 75' lang='lat' dir='ltr'><strong>celeris</strong></span> 
     </span>
     <span class='ocr_line' id='line_1_76' title="bbox 992 2446 1786 2530; baseline -0.006 -12"><span class='ocrx_word' id='word_1_600' title='bbox 992 2446 1117 2518; x_wconf 88' lang='lat' dir='ltr'><strong>omnibus</strong></span> <span class='ocrx_word' id='word_1_601' title='bbox 1138 2459 1234 2528; x_wconf 88' lang='lat' dir='ltr'><strong>nostis,</strong></span> <span class='ocrx_word' id='word_1_602' title='bbox 1247 2459 1322 2530; x_wconf 88' lang='lat' dir='ltr'><strong>quia</strong></span> <span class='ocrx_word' id='word_1_603' title='bbox 1346 2472 1403 2529; x_wconf 82' lang='lat' dir='ltr'><strong>prm</strong></span> <span class='ocrx_word' id='word_1_604' title='bbox 1428 2457 1533 2514; x_wconf 73' lang='lat' dir='ltr'><strong>ceteris</strong></span> <span class='ocrx_word' id='word_1_605' title='bbox 1556 2457 1681 2514; x_wconf 88' lang='lat' dir='ltr'><strong>omnibus</strong></span> <span class='ocrx_word' id='word_1_606' title='bbox 1706 2458 1786 2514; x_wconf 90' lang='lat' dir='ltr'><strong>etiam</strong></span> 
     </span>
     <span class='ocr_line' id='line_1_77' title="bbox 993 2547 1786 2620; baseline -0.003 -14"><span class='ocrx_word' id='word_1_607' title='bbox 993 2565 1085 2607; x_wconf 88' lang='lat' dir='ltr'><strong>amare</strong></span> <span class='ocrx_word' id='word_1_608' title='bbox 1098 2549 1191 2606; x_wconf 82' lang='lat' dir='ltr'><strong>scitia:</strong></span> <span class='ocrx_word' id='word_1_609' title='bbox 1204 2549 1329 2620; x_wconf 86' lang='lat' dir='ltr'><strong>quocirca</strong></span> <span class='ocrx_word' id='word_1_610' title='bbox 1351 2562 1399 2604; x_wconf 84' lang='lat' dir='ltr'><strong>ros</strong></span> <span class='ocrx_word' id='word_1_611' title='bbox 1420 2562 1527 2619; x_wconf 89' lang='lat' dir='ltr'><strong>quoquc</strong></span> <span class='ocrx_word' id='word_1_612' title='bbox 1549 2548 1642 2604; x_wconf 88' lang='lat' dir='ltr'><strong>beatos</strong></span> <span class='ocrx_word' id='word_1_613' title='bbox 1663 2547 1786 2604; x_wconf 88' lang='lat' dir='ltr'><strong>dicimos.</strong></span> 
     </span>
     <span class='ocr_line' id='line_1_78' title="bbox 993 2636 1790 2709; baseline -0.001 -14"><span class='ocrx_word' id='word_1_614' title='bbox 993 2639 1068 2696; x_wconf 88' lang='lat' dir='ltr'><strong>Licet</strong></span> <span class='ocrx_word' id='word_1_615' title='bbox 1080 2641 1153 2695; x_wconf 88' lang='lat' dir='ltr'><strong>enim</strong></span> <span class='ocrx_word' id='word_1_616' title='bbox 1175 2636 1342 2694; x_wconf 88' lang='lat' dir='ltr'><strong>miserabiles</strong></span> <span class='ocrx_word' id='word_1_617' title='bbox 1355 2638 1440 2695; x_wconf 88' lang='lat' dir='ltr'><strong>simus</strong></span> <span class='ocrx_word' id='word_1_618' title='bbox 1459 2653 1491 2694; x_wconf 90' lang='lat' dir='ltr'><strong>ae</strong></span> <span class='ocrx_word' id='word_1_619' title='bbox 1503 2638 1634 2708; x_wconf 85' lang='lat' dir='ltr'><strong>despecti,</strong></span> <span class='ocrx_word' id='word_1_620' title='bbox 1647 2646 1676 2693; x_wconf 90' lang='lat' dir='ltr'><strong>at</strong></span> <span class='ocrx_word' id='word_1_621' title='bbox 1696 2647 1790 2709; x_wconf 86' lang='lat' dir='ltr'><strong>potens</strong></span> 
     </span>
     <span class='ocr_line' id='line_1_79' title="bbox 993 2718 1789 2802; baseline 0 -16"><span class='ocrx_word' id='word_1_622' title='bbox 993 2738 1035 2786; x_wconf 89' lang='lat' dir='ltr'><strong>est</strong></span> <span class='ocrx_word' id='word_1_623' title='bbox 1043 2729 1124 2795; x_wconf 83' lang='lat' dir='ltr'><strong>Deus,</strong></span> <span class='ocrx_word' id='word_1_624' title='bbox 1135 2738 1163 2786; x_wconf 88' lang='lat' dir='ltr'><strong>et</strong></span> <span class='ocrx_word' id='word_1_625' title='bbox 1174 2727 1272 2785; x_wconf 91' lang='lat' dir='ltr'><strong>sufficit</strong></span> <span class='ocrx_word' id='word_1_626' title='bbox 1284 2728 1317 2784; x_wconf 91' lang='lat' dir='ltr'><strong>ad</strong></span> <span class='ocrx_word' id='word_1_627' title='bbox 1327 2729 1540 2802; x_wconf 83' lang='lat' dir='ltr'><strong>constituendam</strong></span> <span class='ocrx_word' id='word_1_628' title='bbox 1552 2729 1628 2785; x_wconf 82' lang='lat' dir='ltr'><strong>robis</strong></span> <span class='ocrx_word' id='word_1_629' title='bbox 1639 2718 1789 2786; x_wconf 89' lang='lat' dir='ltr'><strong>mercedem</strong></span> 
     </span>
     <span class='ocr_line' id='line_1_80' title="bbox 994 2808 1862 2900; baseline 0.001 -24"><span class='ocrx_word' id='word_1_630' title='bbox 994 2819 1045 2877; x_wconf 87' lang='lat' dir='ltr'><strong>lanc</strong></span> <span class='ocrx_word' id='word_1_631' title='bbox 1057 2821 1169 2877; x_wconf 85' lang='lat' dir='ltr'><strong>caritate</strong></span> <span class='ocrx_word' id='word_1_632' title='bbox 1182 2820 1323 2892; x_wconf 86' lang='lat' dir='ltr'><strong>majorem,</strong></span> <span class='ocrx_word' id='word_1_633' title='bbox 1338 2835 1370 2876; x_wconf 91' lang='lat' dir='ltr'><strong>ac</strong></span> <span class='ocrx_word' id='word_1_634' title='bbox 1381 2820 1466 2875; x_wconf 93' lang='lat' dir='ltr'><strong>multo</strong></span> <span class='ocrx_word' id='word_1_635' title='bbox 1480 2820 1631 2876; x_wconf 88' lang='lat' dir='ltr'><strong>uberiorem</strong></span> <span class='ocrx_word' id='word_1_636' title='bbox 1646 2838 1653 2874; x_wconf 94' lang='lat'><strong>:</strong></span> <span class='ocrx_word' id='word_1_637' title='bbox 1668 2808 1729 2876; x_wconf 83' lang='lat' dir='ltr'><strong>nam</strong></span> <span class='ocrx_word' id='word_1_638' title='bbox 1741 2809 1790 2877; x_wconf 81' lang='lat' dir='ltr'><strong>&#39;eo-</strong></span> <span class='ocrx_word' id='word_1_639' title='bbox 1852 2891 1862 2900; x_wconf 26' lang='grc' dir='ltr'><strong><em>θ</em></strong></span> 
     </span>
     <span class='ocr_line' id='line_1_81' title="bbox 993 2895 1787 2982; baseline -0.004 -15"><span class='ocrx_word' id='word_1_640' title='bbox 993 2924 1055 2967; x_wconf 89' lang='lat' dir='ltr'><strong>rum</strong></span> <span class='ocrx_word' id='word_1_641' title='bbox 1066 2911 1190 2968; x_wconf 84' lang='lat' dir='ltr'><strong>meritum</strong></span> <span class='ocrx_word' id='word_1_642' title='bbox 1200 2911 1245 2982; x_wconf 92' lang='lat' dir='ltr'><strong>qui</strong></span> <span class='ocrx_word' id='word_1_643' title='bbox 1255 2897 1364 2980; x_wconf 81' lang='lat' dir='ltr'><strong>&#39;aliquid</strong></span> <span class='ocrx_word' id='word_1_644' title='bbox 1372 2909 1434 2964; x_wconf 90' lang='lat' dir='ltr'><strong>boni</strong></span> <span class='ocrx_word' id='word_1_645' title='bbox 1448 2895 1722 2981; x_wconf 71' lang='lat' dir='ltr'><strong>egerint&#39;dixcrinlre,</strong></span> <span class='ocrx_word' id='word_1_646' title='bbox 1732 2911 1787 2966; x_wconf 90' lang='lat' dir='ltr'><strong>suis</strong></span> 
     </span>
     <span class='ocr_line' id='line_1_82' title="bbox 995 2991 1791 3073; baseline 0 -17"><span class='ocrx_word' id='word_1_647' title='bbox 995 2991 1207 3072; x_wconf 75' lang='lat' dir='ltr'><strong>praemiis&#39;longe</strong></span> <span class='ocrx_word' id='word_1_648' title='bbox 1226 3015 1356 3071; x_wconf 88' lang='lat' dir='ltr'><strong>superare</strong></span> <span class='ocrx_word' id='word_1_649' title='bbox 1378 2999 1457 3056; x_wconf 90' lang='lat' dir='ltr'><strong>solet.</strong></span> <span class='ocrx_word' id='word_1_650' title='bbox 1473 3001 1506 3056; x_wconf 81' lang='lat' dir='ltr'><strong>Et</strong></span> <span class='ocrx_word' id='word_1_651' title='bbox 1526 3009 1646 3073; x_wconf 90' lang='lat' dir='ltr'><strong>optarem</strong></span> <span class='ocrx_word' id='word_1_652' title='bbox 1668 3001 1791 3072; x_wconf 87' lang='lat' dir='ltr'><strong>equidem</strong></span> 
     </span>
     <span class='ocr_line' id='line_1_83' title="bbox 994 3091 1792 3164; baseline 0.003 -18"><span class='ocrx_word' id='word_1_653' title='bbox 994 3091 1061 3164; x_wconf 90' lang='lat' dir='ltr'><strong>ipsis</strong></span> <span class='ocrx_word' id='word_1_654' title='bbox 1074 3093 1159 3147; x_wconf 89' lang='lat' dir='ltr'><strong>oculis</strong></span> <span class='ocrx_word' id='word_1_655' title='bbox 1171 3106 1220 3148; x_wconf 83' lang='lat' dir='ltr'><strong>ros</strong></span> <span class='ocrx_word' id='word_1_656' title='bbox 1240 3101 1395 3163; x_wconf 76' lang='lat' dir='ltr'><strong>presentes·</strong></span> <span class='ocrx_word' id='word_1_657' title='bbox 1406 3106 1529 3158; x_wconf 85' lang='lat' dir='ltr'><strong>ceratere,</strong></span> <span class='ocrx_word' id='word_1_658' title='bbox 1542 3101 1570 3147; x_wconf 89' lang='lat' dir='ltr'><strong>et</strong></span> <span class='ocrx_word' id='word_1_659' title='bbox 1588 3107 1732 3163; x_wconf 88' lang='lat' dir='ltr'><strong>congressu</strong></span> <span class='ocrx_word' id='word_1_660' title='bbox 1747 3107 1792 3149; x_wconf 86' lang='lat' dir='ltr'><strong>re-</strong></span> 
     </span>
     <span class='ocr_line' id='line_1_84' title="bbox 995 3177 1792 3255; baseline 0.001 -17"><span class='ocrx_word' id='word_1_661' title='bbox 995 3190 1052 3238; x_wconf 88' lang='lat' dir='ltr'><strong>stro</strong></span> <span class='ocrx_word' id='word_1_662' title='bbox 1064 3191 1263 3253; x_wconf 90' lang='lat' dir='ltr'><strong>conspectuque</strong></span> <span class='ocrx_word' id='word_1_663' title='bbox 1279 3182 1342 3250; x_wconf 90' lang='lat' dir='ltr'><strong>frui,</strong></span> <span class='ocrx_word' id='word_1_664' title='bbox 1363 3190 1444 3255; x_wconf 85' lang='lat' dir='ltr'><strong>atque</strong></span> <span class='ocrx_word' id='word_1_665' title='bbox 1461 3177 1604 3253; x_wconf 69' lang='lat' dir='ltr'><strong>boc&#39;pacto</strong></span> <span class='ocrx_word' id='word_1_666' title='bbox 1619 3192 1708 3240; x_wconf 84' lang='lat' dir='ltr'><strong>restra</strong></span> <span class='ocrx_word' id='word_1_667' title='bbox 1719 3183 1792 3239; x_wconf 64' lang='lat' dir='ltr'><strong>&#39;cari-</strong></span> 
     </span>
     <span class='ocr_line' id='line_1_85' title="bbox 996 3262 1794 3343; baseline 0 -15"><span class='ocrx_word' id='word_1_668' title='bbox 996 3277 1052 3328; x_wconf 88' lang='lat' dir='ltr'><strong>tate</strong></span> <span class='ocrx_word' id='word_1_669' title='bbox 1070 3272 1200 3328; x_wconf 88' lang='lat' dir='ltr'><strong>oblcctari</strong></span> <span class='ocrx_word' id='word_1_670' title='bbox 1214 3288 1222 3326; x_wconf 90' lang='lat'>:</span> <span class='ocrx_word' id='word_1_671' title='bbox 1238 3272 1346 3343; x_wconf 91' lang='lat' dir='ltr'><strong>quando</strong></span> <span class='ocrx_word' id='word_1_672' title='bbox 1368 3262 1457 3328; x_wconf 87' lang='lat' dir='ltr'><strong>autem</strong></span> <span class='ocrx_word' id='word_1_673' title='bbox 1479 3272 1507 3329; x_wconf 93' lang='lat' dir='ltr'><strong>id</strong></span> <span class='ocrx_word' id='word_1_674' title='bbox 1525 3287 1579 3328; x_wconf 92' lang='lat' dir='ltr'><strong>non</strong></span> <span class='ocrx_word' id='word_1_675' title='bbox 1599 3272 1669 3339; x_wconf 89' lang='lat' dir='ltr'><strong>licet,</strong></span> <span class='ocrx_word' id='word_1_676' title='bbox 1688 3263 1794 3328; x_wconf 50' lang='lat' dir='ltr'><strong>non&#39;ob</strong></span> 
     </span>
     <span class='ocr_line' id='line_1_86' title="bbox 995 3362 1791 3436; baseline 0.003 -19"><span class='ocrx_word' id='word_1_677' title='bbox 995 3362 1127 3433; x_wconf 89' lang='lat' dir='ltr'><strong>pigritiam</strong></span> <span class='ocrx_word' id='word_1_678' title='bbox 1140 3362 1255 3434; x_wconf 88' lang='lat' dir='ltr'><strong>aliquam</strong></span> <span class='ocrx_word' id='word_1_679' title='bbox 1274 3371 1303 3419; x_wconf 89' lang='lat' dir='ltr'><strong>et</strong></span> <span class='ocrx_word' id='word_1_680' title='bbox 1323 3363 1523 3436; x_wconf 87' lang='lat' dir='ltr'><strong>negligentiam,</strong></span> <span class='ocrx_word' id='word_1_681' title='bbox 1544 3364 1591 3418; x_wconf 87' lang='lat' dir='ltr'><strong>sed</strong></span> <span class='ocrx_word' id='word_1_682' title='bbox 1612 3363 1685 3435; x_wconf 92' lang='lat' dir='ltr'><strong>qnod</strong></span> <span class='ocrx_word' id='word_1_683' title='bbox 1705 3364 1791 3419; x_wconf 83' lang='lat' dir='ltr'><strong>exsilii</strong></span> 
     </span>
     <span class='ocr_line' id='line_1_87' title="bbox 993 3451 1793 3532; baseline 0 -24"><span class='ocrx_word' id='word_1_684' title='bbox 993 3451 1158 3532; x_wconf 25' lang='lat' dir='ltr'><strong>,necesitate</strong></span> <span class='ocrx_word' id='word_1_685' title='bbox 1179 3452 1396 3523; x_wconf 79' lang='lat' dir='ltr'><strong>praepediamur:</strong></span> <span class='ocrx_word' id='word_1_686' title='bbox 1420 3454 1502 3509; x_wconf 89' lang='lat' dir='ltr'><strong>nolite</strong></span> <span class='ocrx_word' id='word_1_687' title='bbox 1522 3453 1617 3509; x_wconf 84' lang='lat' dir='ltr'><strong>saltem</strong></span> <span class='ocrx_word' id='word_1_688' title='bbox 1637 3468 1686 3509; x_wconf 87' lang='lat' dir='ltr'><strong>nos</strong></span> <span class='ocrx_word' id='word_1_689' title='bbox 1708 3453 1793 3508; x_wconf 86' lang='lat' dir='ltr'><strong>altera</strong></span> 
     </span>
     <span class='ocr_line' id='line_1_88' title="bbox 995 3541 1793 3614; baseline 0.001 -16"><span class='ocrx_word' id='word_1_690' title='bbox 995 3541 1166 3612; x_wconf 85' lang='lat' dir='ltr'><strong>navigatione</strong></span> <span class='ocrx_word' id='word_1_691' title='bbox 1181 3542 1298 3611; x_wconf 79' lang='lat' dir='ltr'><strong>privare,</strong></span> <span class='ocrx_word' id='word_1_692' title='bbox 1319 3541 1368 3598; x_wconf 91' lang='lat' dir='ltr'><strong>sed</strong></span> <span class='ocrx_word' id='word_1_693' title='bbox 1383 3545 1519 3614; x_wconf 84' lang='lat' dir='ltr'><strong>ingentem</strong></span> <span class='ocrx_word' id='word_1_694' title='bbox 1540 3542 1645 3614; x_wconf 88' lang='lat' dir='ltr'><strong>copiam</strong></span> <span class='ocrx_word' id='word_1_695' title='bbox 1665 3543 1793 3614; x_wconf 84' lang='lat' dir='ltr'><strong>epistola-</strong></span> 
     </span>
     <span class='ocr_line' id='line_1_89' title="bbox 995 3617 1793 3715; baseline 0 -25"><span class='ocrx_word' id='word_1_696' title='bbox 995 3650 1055 3690; x_wconf 88' lang='lat' dir='ltr'><strong>rum</strong></span> <span class='ocrx_word' id='word_1_697' title='bbox 1067 3632 1102 3690; x_wconf 87' lang='lat' dir='ltr'><strong>ad</strong></span> <span class='ocrx_word' id='word_1_698' title='bbox 1116 3648 1165 3690; x_wconf 92' lang='lat' dir='ltr'><strong>nos</strong></span> <span class='ocrx_word' id='word_1_699' title='bbox 1177 3635 1285 3702; x_wconf 88' lang='lat' dir='ltr'><strong>mittite,</strong></span> <span class='ocrx_word' id='word_1_700' title='bbox 1299 3650 1360 3706; x_wconf 69' lang='lat' dir='ltr'><strong>queo</strong></span> <span class='ocrx_word' id='word_1_701' title='bbox 1383 3635 1418 3691; x_wconf 90' lang='lat' dir='ltr'><strong>de</strong></span> <span class='ocrx_word' id='word_1_702' title='bbox 1430 3644 1520 3692; x_wconf 86' lang='lat' dir='ltr'><strong>vestra</strong></span> <span class='ocrx_word' id='word_1_703' title='bbox 1545 3617 1706 3715; x_wconf 51' lang='lat' dir='ltr'><strong>nos&#39;faciant</strong></span> <span class='ocrx_word' id='word_1_704' title='bbox 1720 3627 1793 3708; x_wconf 67' lang='lat' dir='ltr'><strong>trale-=</strong></span> 
     </span>
     <span class='ocr_line' id='line_1_90' title="bbox 997 3712 1793 3808; baseline 0.003 -26"><span class='ocrx_word' id='word_1_705' title='bbox 997 3725 1089 3808; x_wconf 83' lang='lat' dir='ltr'><strong>tudine</strong></span> <span class='ocrx_word' id='word_1_706' title='bbox 1097 3728 1238 3782; x_wconf 87' lang='lat' dir='ltr'><strong>certiores.</strong></span> <span class='ocrx_word' id='word_1_707' title='bbox 1253 3725 1321 3803; x_wconf 76' lang='lat' dir='ltr'><strong>Nam</strong></span> <span class='ocrx_word' id='word_1_708' title='bbox 1337 3727 1360 3782; x_wconf 88' lang='lat' dir='ltr'><strong>si</strong></span> <span class='ocrx_word' id='word_1_709' title='bbox 1379 3712 1511 3798; x_wconf 79' lang='lat' dir='ltr'><strong>ejusmodi</strong></span> <span class='ocrx_word' id='word_1_710' title='bbox 1531 3727 1622 3783; x_wconf 85' lang='lat' dir='ltr'><strong>literas</strong></span> <span class='ocrx_word' id='word_1_711' title='bbox 1639 3726 1793 3799; x_wconf 88' lang='lat' dir='ltr'><strong>frequenter</strong></span> 
     </span>
     <span class='ocr_line' id='line_1_91' title="bbox 995 3808 1791 3889; baseline 0.004 -16"><span class='ocrx_word' id='word_1_712' title='bbox 995 3816 1192 3888; x_wconf 81' lang='lat' dir='ltr'><strong>acceperimus,</strong></span> <span class='ocrx_word' id='word_1_713' title='bbox 1217 3817 1329 3873; x_wconf 87' lang='lat' dir='ltr'><strong>multam</strong></span> <span class='ocrx_word' id='word_1_714' title='bbox 1361 3817 1572 3874; x_wconf 89' lang='lat' dir='ltr'><strong>consolationem</strong></span> <span class='ocrx_word' id='word_1_715' title='bbox 1596 3808 1791 3889; x_wconf 82' lang='lat' dir='ltr'><strong>percipiemus,</strong></span> 
     </span>
     <span class='ocr_line' id='line_1_92' title="bbox 996 3908 1791 3987; baseline 0.001 -21"><span class='ocrx_word' id='word_1_716' title='bbox 996 3909 1169 3987; x_wconf 82' lang='lat' dir='ltr'><strong>quantumuis</strong></span> <span class='ocrx_word' id='word_1_717' title='bbox 1180 3908 1324 3982; x_wconf 85' lang='lat' dir='ltr'><strong>longinqua</strong></span> <span class='ocrx_word' id='word_1_718' title='bbox 1338 3918 1367 3966; x_wconf 89' lang='lat' dir='ltr'><strong>et</strong></span> <span class='ocrx_word' id='word_1_719' title='bbox 1380 3918 1472 3966; x_wconf 81' lang='lat' dir='ltr'><strong>extera</strong></span> <span class='ocrx_word' id='word_1_720' title='bbox 1486 3911 1513 3964; x_wconf 94' lang='lat' dir='ltr'><strong>in</strong></span> <span class='ocrx_word' id='word_1_721' title='bbox 1531 3911 1641 3981; x_wconf 89' lang='lat' dir='ltr'><strong>regione</strong></span> <span class='ocrx_word' id='word_1_722' title='bbox 1652 3908 1791 3982; x_wconf 86' lang='lat' dir='ltr'><strong>degamus.</strong></span> 
     </span>
     <span class='ocr_line' id='line_1_93' title="bbox 997 3999 1792 4074; baseline 0 -18"><span class='ocrx_word' id='word_1_723' title='bbox 997 4001 1064 4056; x_wconf 85' lang='lat' dir='ltr'><strong>Gom</strong></span> <span class='ocrx_word' id='word_1_724' title='bbox 1077 4001 1156 4074; x_wconf 86' lang='lat' dir='ltr'><strong>igitur</strong></span> <span class='ocrx_word' id='word_1_725' title='bbox 1168 4001 1245 4057; x_wconf 88' lang='lat' dir='ltr'><strong>robis</strong></span> <span class='ocrx_word' id='word_1_726' title='bbox 1263 4000 1431 4072; x_wconf 75' lang='lat' dir='ltr'><strong>exploratum</strong></span> <span class='ocrx_word' id='word_1_727' title='bbox 1452 4001 1497 4066; x_wconf 90' lang='lat' dir='ltr'><strong>sit,</strong></span> <span class='ocrx_word' id='word_1_728' title='bbox 1508 4008 1608 4071; x_wconf 89' lang='lat' dir='ltr'><strong>quanto</strong></span> <span class='ocrx_word' id='word_1_729' title='bbox 1628 4015 1678 4056; x_wconf 88' lang='lat' dir='ltr'><strong>nos</strong></span> <span class='ocrx_word' id='word_1_730' title='bbox 1697 3999 1792 4064; x_wconf 85' lang='lat' dir='ltr'><strong>desin-¹</strong></span> 
     </span>
     <span class='ocr_line' id='line_1_94' title="bbox 997 4076 1804 4168; baseline -0.004 -19"><span class='ocrx_word' id='word_1_731' title='bbox 997 4092 1067 4149; x_wconf 90' lang='lat' dir='ltr'><strong>cturi</strong></span> <span class='ocrx_word' id='word_1_732' title='bbox 1079 4091 1138 4148; x_wconf 89' lang='lat' dir='ltr'><strong>sitis</strong></span> <span class='ocrx_word' id='word_1_733' title='bbox 1156 4089 1296 4168; x_wconf 85' lang='lat' dir='ltr'><strong>benefacio,</strong></span> <span class='ocrx_word' id='word_1_734' title='bbox 1312 4098 1465 4162; x_wconf 87' lang='lat' dir='ltr'><strong>quantaque</strong></span> <span class='ocrx_word' id='word_1_735' title='bbox 1478 4089 1569 4146; x_wconf 75' lang='lat' dir='ltr'><strong>laetitia</strong></span> <span class='ocrx_word' id='word_1_736' title='bbox 1583 4089 1726 4163; x_wconf 87' lang='lat' dir='ltr'><strong>perfusori,</strong></span> <span class='ocrx_word' id='word_1_737' title='bbox 1740 4076 1804 4157; x_wconf 67' lang='lat' dir='ltr'><strong>no·]·</strong></span> 
     </span>
     <span class='ocr_line' id='line_1_95' title="bbox 998 4183 1797 4257; baseline 0 -17"><span class='ocrx_word' id='word_1_738' title='bbox 998 4184 1045 4242; x_wconf 90' lang='lat' dir='ltr'><strong>lite</strong></span> <span class='ocrx_word' id='word_1_739' title='bbox 1058 4184 1128 4242; x_wconf 88' lang='lat' dir='ltr'><strong>itanc</strong></span> <span class='ocrx_word' id='word_1_740' title='bbox 1147 4187 1224 4251; x_wconf 79' lang='lat' dir='ltr'><strong>nobis</strong></span> <span class='ocrx_word' id='word_1_741' title='bbox 1238 4185 1399 4255; x_wconf 84' lang='lat' dir='ltr'><strong>voluptatem</strong></span> <span class='ocrx_word' id='word_1_742' title='bbox 1420 4183 1549 4240; x_wconf 86' lang='lat' dir='ltr'><strong>inridere.</strong></span> <span class='ocrx_word' id='word_1_743' title='bbox 1571 4185 1640 4240; x_wconf 83' lang='lat' dir='ltr'><strong>bum</strong></span> <span class='ocrx_word' id='word_1_744' title='bbox 1661 4184 1732 4240; x_wconf 93' lang='lat' dir='ltr'><strong>enim</strong></span> <span class='ocrx_word' id='word_1_745' title='bbox 1744 4198 1797 4257; x_wconf 55' lang='lat' dir='ltr'><strong>roff·</strong></span> 
     </span>
     <span class='ocr_line' id='line_1_96' title="bbox 998 4275 1792 4352; baseline -0.003 -20"><span class='ocrx_word' id='word_1_746' title='bbox 998 4276 1101 4344; x_wconf 82' lang='lat' dir='ltr'><strong>bissum</strong></span> <span class='ocrx_word' id='word_1_747' title='bbox 1116 4292 1165 4349; x_wconf 91' lang='lat' dir='ltr'><strong>per</strong></span> <span class='ocrx_word' id='word_1_748' title='bbox 1173 4276 1265 4334; x_wconf 90' lang='lat' dir='ltr'><strong>literas</strong></span> <span class='ocrx_word' id='word_1_749' title='bbox 1277 4277 1473 4348; x_wconf 89' lang='lat' dir='ltr'><strong>colloquemur,</strong></span> <span class='ocrx_word' id='word_1_750' title='bbox 1487 4292 1535 4332; x_wconf 90' lang='lat' dir='ltr'><strong>ros</strong></span> <span class='ocrx_word' id='word_1_751' title='bbox 1549 4276 1623 4348; x_wconf 90' lang='lat' dir='ltr'><strong>ipsos</strong></span> <span class='ocrx_word' id='word_1_752' title='bbox 1635 4275 1679 4332; x_wconf 90' lang='lat' dir='ltr'><strong>ltic</strong></span> <span class='ocrx_word' id='word_1_753' title='bbox 1696 4275 1792 4352; x_wconf 82' lang='lat' dir='ltr'><strong>adesse</strong></span> 
     </span>
     <span class='ocr_line' id='line_1_97' title="bbox 998 4351 1791 4446; baseline -0.003 -24"><span class='ocrx_word' id='word_1_754' title='bbox 998 4367 1197 4436; x_wconf 86' lang='lat' dir='ltr'><strong>arbitrabimur,</strong></span> <span class='ocrx_word' id='word_1_755' title='bbox 1213 4378 1241 4425; x_wconf 92' lang='grc' dir='ltr'><strong>ιι</strong></span> <span class='ocrx_word' id='word_1_756' title='bbox 1254 4366 1403 4424; x_wconf 84' lang='lat' dir='ltr'><strong>euidentius</strong></span> <span class='ocrx_word' id='word_1_757' title='bbox 1418 4376 1552 4446; x_wconf 85' lang='lat' dir='ltr'><strong>tamquam</strong></span> <span class='ocrx_word' id='word_1_758' title='bbox 1565 4367 1600 4424; x_wconf 93' lang='lat' dir='ltr'><strong>ob</strong></span> <span class='ocrx_word' id='word_1_759' title='bbox 1613 4368 1705 4425; x_wconf 89' lang='lat' dir='ltr'><strong>oculos</strong></span> <span class='ocrx_word' id='word_1_760' title='bbox 1720 4351 1791 4437; x_wconf 72' lang='lat' dir='ltr'><strong>posi-⁸</strong></span> 
     </span>
     <span class='ocr_line' id='line_1_98' title="bbox 1000 4459 1616 4536; baseline -0.002 -21"><span class='ocrx_word' id='word_1_761' title='bbox 1000 4465 1044 4515; x_wconf 86' lang='grc' dir='ltr'><strong>ιιι</strong></span> <span class='ocrx_word' id='word_1_762' title='bbox 1057 4459 1509 4536; x_wconf 72' lang='grc' dir='ltr'>ροιιιίιιιιιιίιιιοιοιιιιιριιιί.</span> <span class='ocrx_word' id='word_1_763' title='bbox 1602 4494 1616 4515; x_wconf 88' lang='grc'><strong>,-</strong></span> 
     </span>
    </p>
   </div>
   <div class='ocr_carea' id='block_1_9' title="bbox 1080 4565 1707 4665">
    <p class='ocr_par' dir='ltr' id='par_1_9' title="bbox 1080 4565 1707 4665">
     <span class='ocr_line' id='line_1_99' title="bbox 1080 4565 1707 4665; baseline -0.011 -14"><span class='ocrx_word' id='word_1_764' title='bbox 1080 4565 1240 4651; x_wconf 68' lang='lat' dir='ltr'><strong>defriti.</strong></span> <span class='ocrx_word' id='word_1_765' title='bbox 1257 4591 1393 4664; x_wconf 78' lang='lat' dir='ltr'><strong>ffespcftie.</strong></span> <span class='ocrx_word' id='word_1_766' title='bbox 1410 4579 1528 4665; x_wconf 81' lang='lat' dir='ltr'><strong>(Cucuso&#39;</strong></span> <span class='ocrx_word' id='word_1_767' title='bbox 1542 4580 1613 4645; x_wconf 82' lang='lat' dir='ltr'><strong>anno</strong></span> <span class='ocrx_word' id='word_1_768' title='bbox 1630 4588 1707 4659; x_wconf 87' lang='grc'><strong>404.)</strong></span> 
     </span>
    </p>
   </div>
   <div class='ocr_carea' id='block_1_10' title="bbox 998 4712 1796 5726">
    <p class='ocr_par' dir='ltr' id='par_1_10' title="bbox 998 4712 1796 5726">
     <span class='ocr_line' id='line_1_100' title="bbox 998 4712 1792 4804; baseline -0.011 -16"><span class='ocrx_word' id='word_1_769' title='bbox 998 4801 999 4804; x_wconf 10' lang='lat'>¹</span> <span class='ocrx_word' id='word_1_770' title='bbox 1034 4729 1178 4802; x_wconf 75' lang='lat' dir='ltr'><strong>cupiebam</strong></span> <span class='ocrx_word' id='word_1_771' title='bbox 1190 4712 1332 4800; x_wconf 83' lang='lat' dir='ltr'><strong>equidem,</strong></span> <span class='ocrx_word' id='word_1_772' title='bbox 1347 4735 1489 4799; x_wconf 86' lang='lat' dir='ltr'><strong>antequam</strong></span> <span class='ocrx_word' id='word_1_773' title='bbox 1504 4724 1538 4781; x_wconf 87' lang='lat' dir='ltr'><strong>ad</strong></span> <span class='ocrx_word' id='word_1_774' title='bbox 1548 4712 1705 4781; x_wconf 82' lang='lat' dir='ltr'><strong>suauitatem</strong></span> <span class='ocrx_word' id='word_1_775' title='bbox 1720 4731 1792 4780; x_wconf 89' lang='lat' dir='ltr'><strong>tuam</strong></span> 
     </span>
     <span class='ocr_line' id='line_1_101' title="bbox 1000 4803 1792 4895; baseline -0.015 -14"><span class='ocrx_word' id='word_1_776' title='bbox 1000 4823 1179 4895; x_wconf 88' lang='lat' dir='ltr'><strong>scripsissem,</strong></span> <span class='ocrx_word' id='word_1_777' title='bbox 1200 4820 1293 4876; x_wconf 88' lang='lat' dir='ltr'><strong>literas</strong></span> <span class='ocrx_word' id='word_1_778' title='bbox 1305 4820 1341 4876; x_wconf 87' lang='lat' dir='ltr'><strong>ab</strong></span> <span class='ocrx_word' id='word_1_779' title='bbox 1356 4819 1475 4889; x_wconf 78' lang='lat' dir='ltr'><strong>ceptior</strong></span> <span class='ocrx_word' id='word_1_780' title='bbox 1494 4815 1616 4886; x_wconf 88' lang='lat' dir='ltr'><strong>accipere</strong></span> <span class='ocrx_word' id='word_1_781' title='bbox 1630 4833 1637 4872; x_wconf 80' lang='grc' dir='ltr'><strong>ι</strong></span> <span class='ocrx_word' id='word_1_782' title='bbox 1650 4803 1702 4870; x_wconf 85' lang='lat' dir='ltr'><strong>boe</strong></span> <span class='ocrx_word' id='word_1_783' title='bbox 1720 4814 1792 4870; x_wconf 92' lang='lat' dir='ltr'><strong>enim</strong></span> 
     </span>
     <span class='ocr_line' id='line_1_102' title="bbox 999 4908 1794 4992; baseline -0.016 -18"><span class='ocrx_word' id='word_1_784' title='bbox 999 4914 1227 4974; x_wconf 81' lang='lat' dir='ltr'><strong>vehementissimi</strong></span> <span class='ocrx_word' id='word_1_785' title='bbox 1249 4912 1349 4968; x_wconf 88' lang='lat' dir='ltr'><strong>amoris</strong></span> <span class='ocrx_word' id='word_1_786' title='bbox 1372 4917 1415 4968; x_wconf 90' lang='lat' dir='ltr'><strong>est</strong></span> <span class='ocrx_word' id='word_1_787' title='bbox 1438 4908 1574 4990; x_wconf 88' lang='lat' dir='ltr'><strong>proprium</strong></span> <span class='ocrx_word' id='word_1_788' title='bbox 1591 4914 1794 4992; x_wconf 56' lang='lat' dir='ltr'><strong>:cerumtamen</strong></span> 
     </span>
     <span class='ocr_line' id='line_1_103' title="bbox 999 4999 1795 5082; baseline -0.01 -15"><span class='ocrx_word' id='word_1_789' title='bbox 999 5010 1092 5068; x_wconf 88' lang='lat' dir='ltr'><strong>literas</strong></span> <span class='ocrx_word' id='word_1_790' title='bbox 1106 5017 1165 5064; x_wconf 87' lang='lat' dir='ltr'><strong>luas</strong></span> <span class='ocrx_word' id='word_1_791' title='bbox 1176 5020 1229 5063; x_wconf 91' lang='lat' dir='ltr'><strong>non</strong></span> <span class='ocrx_word' id='word_1_792' title='bbox 1240 5000 1523 5082; x_wconf 80' lang='lat' dir='ltr'><strong>exspectarimus,sed</strong></span> <span class='ocrx_word' id='word_1_793' title='bbox 1535 5000 1637 5079; x_wconf 85' lang='lat' dir='ltr'><strong>priores</strong></span> <span class='ocrx_word' id='word_1_794' title='bbox 1648 4999 1682 5055; x_wconf 88' lang='lat' dir='ltr'><strong>ad</strong></span> <span class='ocrx_word' id='word_1_795' title='bbox 1693 5008 1719 5056; x_wconf 91' lang='lat' dir='ltr'><strong>te</strong></span> <span class='ocrx_word' id='word_1_796' title='bbox 1727 4999 1795 5059; x_wconf 87' lang='lat' dir='ltr'><strong>seri.-</strong></span> 
     </span>
     <span class='ocr_line' id='line_1_104' title="bbox 1000 5091 1793 5175; baseline -0.016 -17"><span class='ocrx_word' id='word_1_797' title='bbox 1000 5102 1113 5172; x_wconf 87' lang='lat' dir='ltr'><strong>psintus,</strong></span> <span class='ocrx_word' id='word_1_798' title='bbox 1126 5110 1156 5155; x_wconf 93' lang='lat' dir='ltr'><strong>ut</strong></span> <span class='ocrx_word' id='word_1_799' title='bbox 1174 5097 1202 5153; x_wconf 92' lang='lat' dir='ltr'><strong>in</strong></span> <span class='ocrx_word' id='word_1_800' title='bbox 1222 5097 1273 5154; x_wconf 90' lang='lat' dir='ltr'><strong>boc</strong></span> <span class='ocrx_word' id='word_1_801' title='bbox 1283 5095 1377 5175; x_wconf 86' lang='lat' dir='ltr'><strong>saltem</strong></span> <span class='ocrx_word' id='word_1_802' title='bbox 1398 5092 1518 5150; x_wconf 87' lang='lat' dir='ltr'><strong>ardentis</strong></span> <span class='ocrx_word' id='word_1_803' title='bbox 1531 5091 1632 5150; x_wconf 87' lang='lat' dir='ltr'><strong>amoris</strong></span> <span class='ocrx_word' id='word_1_804' title='bbox 1644 5105 1707 5162; x_wconf 88' lang='lat' dir='ltr'><strong>erga</strong></span> <span class='ocrx_word' id='word_1_805' title='bbox 1721 5097 1793 5146; x_wconf 79' lang='lat' dir='ltr'><strong>tunm</strong></span> 
     </span>
     <span class='ocr_line' id='line_1_105' title="bbox 1000 5184 1794 5271; baseline -0.016 -20"><span class='ocrx_word' id='word_1_806' title='bbox 1000 5193 1159 5270; x_wconf 78' lang='lat' dir='ltr'><strong>suavitatem</strong></span> <span class='ocrx_word' id='word_1_807' title='bbox 1170 5190 1255 5266; x_wconf 83' lang='lat' dir='ltr'><strong>nostri</strong></span> <span class='ocrx_word' id='word_1_808' title='bbox 1266 5189 1403 5261; x_wconf 88' lang='lat' dir='ltr'><strong>specimen</strong></span> <span class='ocrx_word' id='word_1_809' title='bbox 1412 5186 1563 5244; x_wconf 88' lang='lat' dir='ltr'><strong>ederemus.</strong></span> <span class='ocrx_word' id='word_1_810' title='bbox 1576 5184 1630 5242; x_wconf 88' lang='lat' dir='ltr'><strong>Sed</strong></span> <span class='ocrx_word' id='word_1_811' title='bbox 1638 5185 1690 5240; x_wconf 89' lang='lat' dir='ltr'><strong>boc</strong></span> <span class='ocrx_word' id='word_1_812' title='bbox 1704 5191 1794 5271; x_wconf 78' lang='lat' dir='ltr'><strong>maten</strong></span> 
     </span>
     <span class='ocr_line' id='line_1_106' title="bbox 1001 5278 1796 5359; baseline -0.014 -15"><span class='ocrx_word' id='word_1_813' title='bbox 1001 5287 1112 5346; x_wconf 89' lang='lat' dir='ltr'><strong>nomine</strong></span> <span class='ocrx_word' id='word_1_814' title='bbox 1124 5287 1171 5342; x_wconf 90' lang='lat' dir='ltr'><strong>tibi</strong></span> <span class='ocrx_word' id='word_1_815' title='bbox 1192 5286 1307 5358; x_wconf 86' lang='lat' dir='ltr'><strong>gratiam</strong></span> <span class='ocrx_word' id='word_1_816' title='bbox 1321 5282 1507 5359; x_wconf 83' lang='lat' dir='ltr'><strong>habemus,ut</strong></span> <span class='ocrx_word' id='word_1_817' title='bbox 1524 5279 1571 5351; x_wconf 91' lang='lat' dir='ltr'><strong>qui</strong></span> <span class='ocrx_word' id='word_1_818' title='bbox 1583 5278 1667 5351; x_wconf 88' lang='lat' dir='ltr'><strong>probe</strong></span> <span class='ocrx_word' id='word_1_819' title='bbox 1680 5278 1796 5335; x_wconf 90' lang='lat' dir='ltr'><strong>sciamus</strong></span> 
     </span>
     <span class='ocr_line' id='line_1_107' title="bbox 1001 5367 1796 5448; baseline -0.018 -12"><span class='ocrx_word' id='word_1_820' title='bbox 1001 5394 1055 5443; x_wconf 88' lang='lat' dir='ltr'><strong>non</strong></span> <span class='ocrx_word' id='word_1_821' title='bbox 1068 5394 1100 5436; x_wconf 83' lang='lat' dir='ltr'><strong>es</strong></span> <span class='ocrx_word' id='word_1_822' title='bbox 1115 5385 1280 5448; x_wconf 80' lang='lat' dir='ltr'><strong>contemptu,</strong></span> <span class='ocrx_word' id='word_1_823' title='bbox 1296 5374 1344 5432; x_wconf 89' lang='lat' dir='ltr'><strong>sed</strong></span> <span class='ocrx_word' id='word_1_824' title='bbox 1357 5389 1412 5445; x_wconf 77' lang='lat' dir='ltr'><strong>prae</strong></span> <span class='ocrx_word' id='word_1_825' title='bbox 1426 5371 1512 5447; x_wconf 16' lang='lat' dir='ltr'><strong>,ninia</strong></span> <span class='ocrx_word' id='word_1_826' title='bbox 1524 5370 1671 5435; x_wconf 84' lang='lat' dir='ltr'><strong>bumilitate</strong></span> <span class='ocrx_word' id='word_1_827' title='bbox 1686 5369 1732 5425; x_wconf 88' lang='lat' dir='ltr'><strong>tibi</strong></span> <span class='ocrx_word' id='word_1_828' title='bbox 1742 5367 1796 5441; x_wconf 75' lang='lat' dir='ltr'><strong>¹laec</strong></span> 
     </span>
     <span class='ocr_line' id='line_1_108' title="bbox 1001 5458 1795 5542; baseline -0.019 -14"><span class='ocrx_word' id='word_1_829' title='bbox 1001 5472 1155 5542; x_wconf 82' lang='lat' dir='ltr'><strong>corttigisse.</strong></span> <span class='ocrx_word' id='word_1_830' title='bbox 1171 5469 1306 5524; x_wconf 78' lang='lat' dir='ltr'><strong>Audacter</strong></span> <span class='ocrx_word' id='word_1_831' title='bbox 1318 5466 1397 5539; x_wconf 87' lang='lat' dir='ltr'><strong>igitur</strong></span> <span class='ocrx_word' id='word_1_832' title='bbox 1408 5458 1480 5520; x_wconf 87' lang='lat' dir='ltr'><strong>bunc</strong></span> <span class='ocrx_word' id='word_1_833' title='bbox 1494 5471 1567 5520; x_wconf 85' lang='lat' dir='ltr'><strong>mum</strong></span> <span class='ocrx_word' id='word_1_834' title='bbox 1578 5461 1604 5516; x_wconf 88' lang='lat' dir='ltr'><strong>in</strong></span> <span class='ocrx_word' id='word_1_835' title='bbox 1617 5474 1666 5517; x_wconf 89' lang='lat' dir='ltr'><strong>nos</strong></span> <span class='ocrx_word' id='word_1_836' title='bbox 1677 5465 1795 5537; x_wconf 73' lang='lat' dir='ltr'><strong>amorem</strong></span> 
     </span>
     <span class='ocr_line' id='line_1_109' title="bbox 1001 5552 1796 5632; baseline -0.014 -12"><span class='ocrx_word' id='word_1_837' title='bbox 1001 5563 1123 5629; x_wconf 89' lang='lat' dir='ltr'><strong>ostende,</strong></span> <span class='ocrx_word' id='word_1_838' title='bbox 1138 5577 1170 5617; x_wconf 89' lang='lat' dir='ltr'><strong>ac</strong></span> <span class='ocrx_word' id='word_1_839' title='bbox 1182 5561 1283 5630; x_wconf 88' lang='lat' dir='ltr'><strong>literas,</strong></span> <span class='ocrx_word' id='word_1_840' title='bbox 1296 5559 1392 5632; x_wconf 91' lang='lat' dir='ltr'><strong>quibus</strong></span> <span class='ocrx_word' id='word_1_841' title='bbox 1401 5559 1435 5614; x_wconf 88' lang='lat' dir='ltr'><strong>dc</strong></span> <span class='ocrx_word' id='word_1_842' title='bbox 1448 5565 1493 5613; x_wconf 90' lang='lat' dir='ltr'><strong>toa</strong></span> <span class='ocrx_word' id='word_1_843' title='bbox 1508 5554 1659 5613; x_wconf 81' lang='lat' dir='ltr'><strong>ualetudine</strong></span> <span class='ocrx_word' id='word_1_844' title='bbox 1665 5552 1796 5610; x_wconf 83' lang='lat' dir='ltr'><strong>certiores</strong></span> 
     </span>
     <span class='ocr_line' id='line_1_110' title="bbox 1005 5642 1796 5726; baseline -0.019 -14"><span class='ocrx_word' id='word_1_845' title='bbox 1005 5656 1108 5724; x_wconf 82' lang='lat' dir='ltr'><strong>dantus,</strong></span> <span class='ocrx_word' id='word_1_846' title='bbox 1123 5652 1167 5722; x_wconf 47' lang='lat' dir='ltr'><strong>ad,</strong></span> <span class='ocrx_word' id='word_1_847' title='bbox 1179 5666 1228 5710; x_wconf 90' lang='lat' dir='ltr'><strong>nos</strong></span> <span class='ocrx_word' id='word_1_848' title='bbox 1241 5651 1416 5709; x_wconf 86' lang='lat' dir='ltr'><strong>creberrimas</strong></span> <span class='ocrx_word' id='word_1_849' title='bbox 1429 5653 1513 5704; x_wconf 86' lang='lat' dir='ltr'><strong>ntltte.</strong></span> <span class='ocrx_word' id='word_1_850' title='bbox 1531 5645 1560 5703; x_wconf 90' lang='lat' dir='ltr'><strong>Si</strong></span> <span class='ocrx_word' id='word_1_851' title='bbox 1574 5646 1645 5702; x_wconf 88' lang='lat' dir='ltr'><strong>cuim</strong></span> <span class='ocrx_word' id='word_1_852' title='bbox 1666 5642 1796 5726; x_wconf 73' lang='lat' dir='ltr'><strong>ejusmodi</strong></span> 
     </span>
    </p>
   </div>
   <div class='ocr_carea' id='block_1_11' title="bbox 0 0 2106 6340">
    <p class='ocr_par' dir='ltr' id='par_1_11' title="bbox 0 0 2106 6340">
     <span class='ocr_line' id='line_1_111' title="bbox 0 0 2106 6340; baseline 0 0"><span class='ocrx_word' id='word_1_853' title='bbox 0 0 2106 6340; x_wconf 95' lang='lat' dir='ltr'><strong> </strong></span> 
     </span>
    </p>
   </div>
  </div>
 </body>
</html>
