<?xml version="1.0" encoding="UTF-8"?>
<!DOCTYPE html PUBLIC "-//W3C//DTD XHTML 1.0 Transitional//EN"
    "http://www.w3.org/TR/xhtml1/DTD/xhtml1-transitional.dtd">
<html xmlns="http://www.w3.org/1999/xhtml" xml:lang="en" lang="en">
 <head>
  <title>
</title>
<meta http-equiv="Content-Type" content="text/html;charset=utf-8" />
  <meta name='ocr-system' content='tesseract 3.04.00' />
  <meta name='ocr-capabilities' content='ocr_page ocr_carea ocr_par ocr_line ocrx_word'/>
</head>
<body>
  <div class='ocr_page' id='page_1' title='image "./lta-11000/patrologicursus83migngoog/patrologicursus83migngoog_0600.png"; bbox 0 0 4142 6342; ppageno 0'>
   <div class='ocr_carea' id='block_1_1' title="bbox 298 304 1938 400">
    <p class='ocr_par' dir='ltr' id='par_1_1' title="bbox 298 304 1938 400">
     <span class='ocr_line' id='line_1_1' title="bbox 298 304 1938 400; baseline -0.004 0"><span class='ocrx_word' id='word_1_1' title='bbox 298 318 355 400; x_wconf 73' lang='grc' dir='ltr'>ιιι</span> <span class='ocrx_word' id='word_1_2' title='bbox 478 378 486 389; x_wconf 85' lang='grc'><strong>.</strong></span> <span class='ocrx_word' id='word_1_3' title='bbox 665 304 852 399; x_wconf 68' lang='lat' dir='ltr'>ernanum</span> <span class='ocrx_word' id='word_1_4' title='bbox 868 330 1108 394; x_wconf 84' lang='lat' dir='ltr'>cunrsnsrou</span> <span class='ocrx_word' id='word_1_5' title='bbox 1125 332 1285 395; x_wconf 73' lang='lat' dir='ltr'>tumtur.</span> <span class='ocrx_word' id='word_1_6' title='bbox 1303 330 1573 396; x_wconf 78' lang='lat' dir='ltr'>mmuamutur.</span> <span class='ocrx_word' id='word_1_7' title='bbox 1874 332 1938 394; x_wconf 83' lang='lat' dir='ltr'>sas</span> 
     </span>
    </p>
   </div>
   <div class='ocr_carea' id='block_1_2' title="bbox 274 439 1940 976">
    <p class='ocr_par' dir='ltr' id='par_1_2' title="bbox 274 439 1940 976">
     <span class='ocr_line' id='line_1_2' title="bbox 274 439 1940 525; baseline -0.002 -16"><span class='ocrx_word' id='word_1_8' title='bbox 274 450 278 457; x_wconf 86' lang='lat'>&#39;</span> <span class='ocrx_word' id='word_1_9' title='bbox 296 453 344 509; x_wconf 77' lang='lat' dir='ltr'>tim</span> <span class='ocrx_word' id='word_1_10' title='bbox 356 452 500 525; x_wconf 78' lang='lat' dir='ltr'>participes</span> <span class='ocrx_word' id='word_1_11' title='bbox 519 450 628 521; x_wconf 81' lang='lat' dir='ltr'>inimare,</span> <span class='ocrx_word' id='word_1_12' title='bbox 642 458 670 508; x_wconf 92' lang='lat' dir='ltr'>et</span> <span class='ocrx_word' id='word_1_13' title='bbox 680 450 778 511; x_wconf 77' lang='lat' dir='ltr'>diuinis</span> <span class='ocrx_word' id='word_1_14' title='bbox 788 452 888 510; x_wconf 81' lang='lat' dir='ltr'>exculti</span> <span class='ocrx_word' id='word_1_15' title='bbox 906 450 1089 525; x_wconf 86' lang='lat' dir='ltr'>dogmatibus,</span> <span class='ocrx_word' id='word_1_16' title='bbox 1139 439 1265 520; x_wconf 78' lang='lat' dir='ltr'>vitemus,</span> <span class='ocrx_word' id='word_1_17' title='bbox 1286 465 1396 509; x_wconf 88' lang='lat' dir='ltr'>omnem</span> <span class='ocrx_word' id='word_1_18' title='bbox 1415 448 1628 516; x_wconf 68' lang='lat' dir='ltr'>mberimmmm</span> <span class='ocrx_word' id='word_1_19' title='bbox 1647 448 1677 505; x_wconf 87' lang='lat' dir='ltr'>in</span> <span class='ocrx_word' id='word_1_20' title='bbox 1693 460 1794 521; x_wconf 83' lang='lat' dir='ltr'>egenos</span> <span class='ocrx_word' id='word_1_21' title='bbox 1806 447 1940 506; x_wconf 73' lang='lat' dir='ltr'>exbiben-</span> 
     </span>
     <span class='ocr_line' id='line_1_3' title="bbox 296 537 1939 615; baseline -0.001 -16"><span class='ocrx_word' id='word_1_22' title='bbox 296 542 343 613; x_wconf 78' lang='lat' dir='ltr'>oui</span> <span class='ocrx_word' id='word_1_23' title='bbox 362 542 397 599; x_wconf 90' lang='lat' dir='ltr'>de</span> <span class='ocrx_word' id='word_1_24' title='bbox 413 542 493 599; x_wconf 86' lang='lat' dir='ltr'>rebus</span> <span class='ocrx_word' id='word_1_25' title='bbox 515 540 611 599; x_wconf 82' lang='lat' dir='ltr'>tuturis</span> <span class='ocrx_word' id='word_1_26' title='bbox 629 554 771 613; x_wconf 86' lang='lat' dir='ltr'>possumus</span> <span class='ocrx_word' id='word_1_27' title='bbox 790 542 1090 615; x_wconf 71' lang='lat' dir='ltr'>pbiiosnptrarinuoua</span> <span class='ocrx_word' id='word_1_28' title='bbox 1139 560 1211 613; x_wconf 88' lang='lat' dir='ltr'>mus,</span> <span class='ocrx_word' id='word_1_29' title='bbox 1226 552 1354 601; x_wconf 86' lang='lat' dir='ltr'>utetnot</span> <span class='ocrx_word' id='word_1_30' title='bbox 1366 542 1475 615; x_wconf 80' lang='lat' dir='ltr'>assequi</span> <span class='ocrx_word' id='word_1_31' title='bbox 1493 543 1563 601; x_wconf 85' lang='lat' dir='ltr'>bona</span> <span class='ocrx_word' id='word_1_32' title='bbox 1580 543 1668 600; x_wconf 81' lang='lat' dir='ltr'>iatum</span> <span class='ocrx_word' id='word_1_33' title='bbox 1679 537 1939 614; x_wconf 75' lang='lat' dir='ltr'>mereamur&#39;gratia</span> 
     </span>
     <span class='ocr_line' id='line_1_4' title="bbox 296 628 1940 706; baseline 0.002 -21"><span class='ocrx_word' id='word_1_34' title='bbox 296 628 395 689; x_wconf 80' lang='lat' dir='ltr'>tamem</span> <span class='ocrx_word' id='word_1_35' title='bbox 407 630 530 688; x_wconf 84' lang='lat' dir='ltr'>ridemus</span> <span class='ocrx_word' id='word_1_36' title='bbox 541 632 695 699; x_wconf 85' lang='lat' dir='ltr'>instantem,</span> <span class='ocrx_word' id='word_1_37' title='bbox 711 644 739 688; x_wconf 87' lang='lat' dir='ltr'>et</span> <span class='ocrx_word' id='word_1_38' title='bbox 752 634 797 704; x_wconf 81' lang='lat' dir='ltr'>qui</span> <span class='ocrx_word' id='word_1_39' title='bbox 811 634 896 691; x_wconf 92' lang='lat' dir='ltr'>muito</span> <span class='ocrx_word' id='word_1_40' title='bbox 909 634 994 705; x_wconf 85' lang='lat' dir='ltr'>piura,</span> <span class='ocrx_word' id='word_1_41' title='bbox 1008 648 1089 706; x_wconf 82' lang='lat' dir='ltr'>quarn</span> <span class='ocrx_word' id='word_1_42' title='bbox 1139 642 1168 692; x_wconf 89' lang='lat' dir='ltr'>et</span> <span class='ocrx_word' id='word_1_43' title='bbox 1179 634 1344 706; x_wconf 70' lang='lat' dir='ltr'>benignitate</span> <span class='ocrx_word' id='word_1_44' title='bbox 1358 634 1464 690; x_wconf 85' lang='lat' dir='ltr'>bomini</span> <span class='ocrx_word' id='word_1_45' title='bbox 1481 634 1568 690; x_wconf 90' lang='lat' dir='ltr'>nostri</span> <span class='ocrx_word' id='word_1_46' title='bbox 1587 634 1653 691; x_wconf 84' lang='lat' dir='ltr'>iesu</span> <span class='ocrx_word' id='word_1_47' title='bbox 1668 632 1786 701; x_wconf 81' lang='lat' dir='ltr'>carisa,</span> <span class='ocrx_word' id='word_1_48' title='bbox 1805 646 1940 703; x_wconf 82' lang='lat' dir='ltr'>enmono</span> 
     </span>
     <span class='ocr_line' id='line_1_5' title="bbox 295 719 1940 798; baseline 0.004 -21"><span class='ocrx_word' id='word_1_49' title='bbox 295 720 394 777; x_wconf 81' lang='lat' dir='ltr'>mulier</span> <span class='ocrx_word' id='word_1_50' title='bbox 412 719 588 791; x_wconf 81' lang='lat' dir='ltr'>possideamus,</span> <span class='ocrx_word' id='word_1_51' title='bbox 611 735 754 791; x_wconf 75' lang='lat' dir='ltr'><strong>quamnam</strong></span> <span class='ocrx_word' id='word_1_52' title='bbox 773 722 919 793; x_wconf 75' lang='lat' dir='ltr'><strong>poterimus</strong></span> <span class='ocrx_word' id='word_1_53' title='bbox 937 722 1089 779; x_wconf 82' lang='lat' dir='ltr'>excusatio·</span> <span class='ocrx_word' id='word_1_54' title='bbox 1138 727 1223 798; x_wconf 90' lang='lat' dir='ltr'>gioria</span> <span class='ocrx_word' id='word_1_55' title='bbox 1235 724 1318 793; x_wconf 80' lang='lat' dir='ltr'>Patri.</span> <span class='ocrx_word' id='word_1_56' title='bbox 1333 740 1388 783; x_wconf 85' lang='lat' dir='ltr'>una</span> <span class='ocrx_word' id='word_1_57' title='bbox 1400 740 1463 784; x_wconf 86' lang='lat' dir='ltr'>oum</span> <span class='ocrx_word' id='word_1_58' title='bbox 1474 724 1577 797; x_wconf 82' lang='lat' dir='ltr'>Spiritu</span> <span class='ocrx_word' id='word_1_59' title='bbox 1587 735 1682 784; x_wconf 84' lang='lat' dir='ltr'>saneto</span> <span class='ocrx_word' id='word_1_60' title='bbox 1694 722 1723 781; x_wconf 92' lang='lat' dir='ltr'>in</span> <span class='ocrx_word' id='word_1_61' title='bbox 1736 723 1836 783; x_wconf 77' lang='lat' dir='ltr'>saeuis</span> <span class='ocrx_word' id='word_1_62' title='bbox 1848 738 1940 783; x_wconf 70' lang='lat' dir='ltr'>tecm</span> 
     </span>
     <span class='ocr_line' id='line_1_6' title="bbox 296 800 1405 883; baseline 0.007 -18"><span class='ocrx_word' id='word_1_63' title='bbox 296 822 359 879; x_wconf 79' lang='lat' dir='ltr'>nem</span> <span class='ocrx_word' id='word_1_64' title='bbox 372 808 527 875; x_wconf 71' lang='lat' dir='ltr'>obtendere,</span> <span class='ocrx_word' id='word_1_65' title='bbox 543 811 588 882; x_wconf 81' lang='lat' dir='ltr'>qui</span> <span class='ocrx_word' id='word_1_66' title='bbox 608 809 778 869; x_wconf 86' lang='lat' dir='ltr'>iaeuitatibus</span> <span class='ocrx_word' id='word_1_67' title='bbox 792 813 935 883; x_wconf 84' lang='lat' dir='ltr'>paruimus,</span> <span class='ocrx_word' id='word_1_68' title='bbox 948 800 976 870; x_wconf 74' lang='lat' dir='ltr'>e&#39;t</span> <span class='ocrx_word' id='word_1_69' title='bbox 990 822 1089 869; x_wconf 75' lang='lat' dir='ltr'>nostru</span> <span class='ocrx_word' id='word_1_70' title='bbox 1140 818 1239 873; x_wconf 85' lang='lat' dir='ltr'>iorum.</span> <span class='ocrx_word' id='word_1_71' title='bbox 1258 818 1355 873; x_wconf 78' lang='lat' dir='ltr'>dmen.</span> <span class='ocrx_word' id='word_1_72' title='bbox 1400 853 1405 864; x_wconf 87' lang='lat'>·</span> 
     </span>
     <span class='ocr_line' id='line_1_7' title="bbox 295 898 1088 976; baseline 0.003 -21"><span class='ocrx_word' id='word_1_73' title='bbox 295 898 391 955; x_wconf 80' lang='lat' dir='ltr'>salutis</span> <span class='ocrx_word' id='word_1_74' title='bbox 402 900 506 972; x_wconf 87' lang='lat' dir='ltr'>prodigi</span> <span class='ocrx_word' id='word_1_75' title='bbox 518 902 630 976; x_wconf 74' lang='lat' dir='ltr'>somus?</span> <span class='ocrx_word' id='word_1_76' title='bbox 642 902 677 959; x_wconf 87' lang='lat' dir='ltr'>iit</span> <span class='ocrx_word' id='word_1_77' title='bbox 691 903 772 975; x_wconf 89' lang='lat' dir='ltr'>igitur</span> <span class='ocrx_word' id='word_1_78' title='bbox 783 904 873 975; x_wconf 85' lang='lat' dir='ltr'>gravia</span> <span class='ocrx_word' id='word_1_79' title='bbox 894 904 938 959; x_wconf 92' lang='lat' dir='ltr'>iiia</span> <span class='ocrx_word' id='word_1_80' title='bbox 956 908 1088 960; x_wconf 90' lang='lat' dir='ltr'>tormenta</span> 
     </span>
    </p>
   </div>
   <div class='ocr_carea' id='block_1_3' title="bbox 922 1071 1932 1267">
    <p class='ocr_par' dir='ltr' id='par_1_3' title="bbox 922 1071 1932 1267">
     <span class='ocr_line' id='line_1_8' title="bbox 922 1071 1932 1267; baseline -0.002 0"><span class='ocrx_word' id='word_1_81' title='bbox 922 1156 1323 1267; x_wconf 84' lang='lat' dir='ltr'><em>MONITUM</em></span> <span class='ocrx_word' id='word_1_82' title='bbox 1926 1071 1932 1079; x_wconf 91' lang='lat'><strong>·</strong></span> 
     </span>
    </p>
   </div>
   <div class='ocr_carea' id='block_1_4' title="bbox 271 1320 1606 1441">
    <p class='ocr_par' dir='ltr' id='par_1_4' title="bbox 271 1320 1606 1441">
     <span class='ocr_line' id='line_1_9' title="bbox 271 1320 1606 1441; baseline 0.001 -12"><span class='ocrx_word' id='word_1_83' title='bbox 271 1420 274 1429; x_wconf 79' lang='grc'>,</span> <span class='ocrx_word' id='word_1_84' title='bbox 297 1320 325 1395; x_wconf 59' lang='lat'><strong>4</strong></span> <span class='ocrx_word' id='word_1_85' title='bbox 634 1370 689 1432; x_wconf 82' lang='lat' dir='ltr'>nn</span> <span class='ocrx_word' id='word_1_86' title='bbox 708 1366 916 1433; x_wconf 83' lang='lat' dir='ltr'>uournmu</span> <span class='ocrx_word' id='word_1_87' title='bbox 936 1366 989 1427; x_wconf 83' lang='lat' dir='ltr'>nn</span> <span class='ocrx_word' id='word_1_88' title='bbox 1010 1362 1259 1428; x_wconf 84' lang='lat' dir='ltr'>rmunonms</span> <span class='ocrx_word' id='word_1_89' title='bbox 1277 1362 1461 1441; x_wconf 83' lang='lat' dir='ltr'>numcus,</span> <span class='ocrx_word' id='word_1_90' title='bbox 1483 1384 1555 1431; x_wconf 69' lang='lat' dir='ltr'>im.</span> <span class='ocrx_word' id='word_1_91' title='bbox 1595 1320 1606 1417; x_wconf 71' lang='grc' dir='ltr'><em>Ῐ</em></span> 
     </span>
    </p>
   </div>
   <div class='ocr_carea' id='block_1_5' title="bbox 280 1476 1939 1769">
    <p class='ocr_par' dir='ltr' id='par_1_5' title="bbox 280 1476 1939 1769">
     <span class='ocr_line' id='line_1_10' title="bbox 280 1476 1939 1587; baseline -0.003 -18"><span class='ocrx_word' id='word_1_92' title='bbox 280 1476 300 1559; x_wconf 33' lang='grc' dir='ltr'>-Ι</span> <span class='ocrx_word' id='word_1_93' title='bbox 332 1511 407 1571; x_wconf 80' lang='lat' dir='ltr'>iiaae</span> <span class='ocrx_word' id='word_1_94' title='bbox 424 1513 631 1587; x_wconf 77' lang='lat' dir='ltr'>pulcherrimam</span> <span class='ocrx_word' id='word_1_95' title='bbox 646 1514 801 1573; x_wconf 81' lang='lat' dir='ltr'>censionem</span> <span class='ocrx_word' id='word_1_96' title='bbox 821 1512 913 1569; x_wconf 88' lang='lat' dir='ltr'>babuit</span> <span class='ocrx_word' id='word_1_97' title='bbox 926 1511 1089 1585; x_wconf 79' lang='lat' dir='ltr'>chrysosto·</span> <span class='ocrx_word' id='word_1_98' title='bbox 1143 1507 1250 1577; x_wconf 85' lang='lat' dir='ltr'>pietatis</span> <span class='ocrx_word' id='word_1_99' title='bbox 1259 1509 1354 1579; x_wconf 84' lang='lat' dir='ltr'>gratia,</span> <span class='ocrx_word' id='word_1_100' title='bbox 1369 1518 1397 1565; x_wconf 90' lang='lat' dir='ltr'>et</span> <span class='ocrx_word' id='word_1_101' title='bbox 1410 1508 1454 1567; x_wconf 90' lang='lat' dir='ltr'>ubi</span> <span class='ocrx_word' id='word_1_102' title='bbox 1464 1500 1612 1567; x_wconf 74' lang='lat' dir='ltr'>mucrones</span> <span class='ocrx_word' id='word_1_103' title='bbox 1626 1509 1781 1579; x_wconf 79' lang='lat' dir='ltr'>irequenter</span> <span class='ocrx_word' id='word_1_104' title='bbox 1798 1507 1939 1566; x_wconf 79' lang='lat' dir='ltr'>habeban-</span> 
     </span>
     <span class='ocr_line' id='line_1_11' title="bbox 294 1598 1937 1683; baseline -0.004 -22"><span class='ocrx_word' id='word_1_105' title='bbox 294 1618 357 1661; x_wconf 78' lang='lat' dir='ltr'>tttus</span> <span class='ocrx_word' id='word_1_106' title='bbox 367 1606 526 1673; x_wconf 74' lang='lat' dir='ltr'>maechia,</span> <span class='ocrx_word' id='word_1_107' title='bbox 544 1616 574 1665; x_wconf 92' lang='lat' dir='ltr'>ut</span> <span class='ocrx_word' id='word_1_108' title='bbox 591 1608 709 1679; x_wconf 73' lang='lat' dir='ltr'>arguitur</span> <span class='ocrx_word' id='word_1_109' title='bbox 723 1621 757 1663; x_wconf 84' lang='lat' dir='ltr'>nx</span> <span class='ocrx_word' id='word_1_110' title='bbox 779 1606 891 1677; x_wconf 72' lang='lat' dir='ltr'>iisque</span> <span class='ocrx_word' id='word_1_111' title='bbox 912 1603 963 1660; x_wconf 87' lang='lat' dir='ltr'>sub</span> <span class='ocrx_word' id='word_1_112' title='bbox 982 1602 1087 1659; x_wconf 89' lang='lat' dir='ltr'>initium</span> <span class='ocrx_word' id='word_1_113' title='bbox 1140 1609 1195 1683; x_wconf 72' lang='lat' dir='ltr'>tur,</span> <span class='ocrx_word' id='word_1_114' title='bbox 1207 1608 1235 1656; x_wconf 92' lang='lat' dir='ltr'>ut</span> <span class='ocrx_word' id='word_1_115' title='bbox 1255 1600 1309 1671; x_wconf 85' lang='lat' dir='ltr'>jam</span> <span class='ocrx_word' id='word_1_116' title='bbox 1328 1616 1382 1657; x_wconf 90' lang='lat' dir='ltr'>non</span> <span class='ocrx_word' id='word_1_117' title='bbox 1402 1602 1486 1657; x_wconf 89' lang='lat' dir='ltr'>semei</span> <span class='ocrx_word' id='word_1_118' title='bbox 1500 1600 1624 1657; x_wconf 83' lang='lat' dir='ltr'>vidimus.</span> <span class='ocrx_word' id='word_1_119' title='bbox 1643 1600 1748 1657; x_wconf 76' lang='lat' dir='ltr'>AEatate</span> <span class='ocrx_word' id='word_1_120' title='bbox 1760 1614 1826 1656; x_wconf 85' lang='lat' dir='ltr'>tero</span> <span class='ocrx_word' id='word_1_121' title='bbox 1834 1598 1937 1655; x_wconf 72' lang='grc' dir='ltr'>ιιιιιιιιι</span> 
     </span>
     <span class='ocr_line' id='line_1_12' title="bbox 296 1690 1937 1769; baseline -0.002 -20"><span class='ocrx_word' id='word_1_122' title='bbox 296 1693 431 1764; x_wconf 82' lang='lat' dir='ltr'>dieantur,</span> <span class='ocrx_word' id='word_1_123' title='bbox 442 1712 538 1769; x_wconf 81' lang='lat' dir='ltr'>nempe</span> <span class='ocrx_word' id='word_1_124' title='bbox 552 1696 585 1755; x_wconf 89' lang='lat' dir='ltr'>ad</span> <span class='ocrx_word' id='word_1_125' title='bbox 606 1698 678 1755; x_wconf 81' lang='lat' dir='ltr'>inuno</span> <span class='ocrx_word' id='word_1_126' title='bbox 698 1706 845 1769; x_wconf 78' lang='lat' dir='ltr'>martyrum</span> <span class='ocrx_word' id='word_1_127' title='bbox 858 1695 946 1753; x_wconf 81' lang='lat' dir='ltr'>iocum</span> <span class='ocrx_word' id='word_1_128' title='bbox 959 1694 1088 1765; x_wconf 89' lang='lat' dir='ltr'>populum</span> <span class='ocrx_word' id='word_1_129' title='bbox 1141 1692 1278 1749; x_wconf 89' lang='lat' dir='ltr'>iromiiiam</span> <span class='ocrx_word' id='word_1_130' title='bbox 1291 1692 1410 1749; x_wconf 83' lang='lat' dir='ltr'>declarat</span> <span class='ocrx_word' id='word_1_131' title='bbox 1431 1693 1517 1748; x_wconf 89' lang='lat' dir='ltr'>initio.</span> <span class='ocrx_word' id='word_1_132' title='bbox 1533 1692 1592 1762; x_wconf 78' lang='lat' dir='ltr'>Quo</span> <span class='ocrx_word' id='word_1_133' title='bbox 1602 1700 1691 1748; x_wconf 89' lang='lat' dir='ltr'>antem</span> <span class='ocrx_word' id='word_1_134' title='bbox 1705 1705 1778 1747; x_wconf 89' lang='lat' dir='ltr'>anno</span> <span class='ocrx_word' id='word_1_135' title='bbox 1793 1706 1829 1749; x_wconf 85' lang='lat' dir='ltr'>ue</span> <span class='ocrx_word' id='word_1_136' title='bbox 1838 1690 1937 1762; x_wconf 75' lang='lat' dir='ltr'>sortie-</span> 
     </span>
    </p>
   </div>
   <div class='ocr_carea' id='block_1_6' title="bbox 209 1782 1792 1961">
    <p class='ocr_par' dir='ltr' id='par_1_6' title="bbox 209 1782 1792 1961">
     <span class='ocr_line' id='line_1_13' title="bbox 294 1782 1624 1859; baseline 0.001 -22"><span class='ocrx_word' id='word_1_137' title='bbox 294 1783 450 1843; x_wconf 87' lang='lat' dir='ltr'>rentitasse.</span> <span class='ocrx_word' id='word_1_138' title='bbox 466 1787 547 1845; x_wconf 78' lang='lat' dir='ltr'>Extra</span> <span class='ocrx_word' id='word_1_139' title='bbox 558 1788 651 1845; x_wconf 90' lang='lat' dir='ltr'>urbem</span> <span class='ocrx_word' id='word_1_140' title='bbox 669 1803 765 1859; x_wconf 82' lang='lat' dir='ltr'>nempe</span> <span class='ocrx_word' id='word_1_141' title='bbox 778 1794 836 1845; x_wconf 89' lang='lat' dir='ltr'>erat</span> <span class='ocrx_word' id='word_1_142' title='bbox 847 1786 969 1855; x_wconf 78' lang='lat' dir='ltr'>eeclesia,</span> <span class='ocrx_word' id='word_1_143' title='bbox 981 1793 1091 1856; x_wconf 90' lang='lat' dir='ltr'>propter</span> <span class='ocrx_word' id='word_1_144' title='bbox 1140 1792 1216 1839; x_wconf 81' lang='lat' dir='ltr'>stura</span> <span class='ocrx_word' id='word_1_145' title='bbox 1229 1782 1337 1854; x_wconf 84' lang='lat' dir='ltr'>quidem</span> <span class='ocrx_word' id='word_1_146' title='bbox 1351 1784 1458 1855; x_wconf 76' lang='lat' dir='ltr'>assequi</span> <span class='ocrx_word' id='word_1_147' title='bbox 1471 1798 1624 1855; x_wconf 68' lang='lat' dir='ltr'>possumus</span> 
     </span>
     <span class='ocr_line' id='line_1_14' title="bbox 209 1874 1792 1961; baseline -0.004 -26"><span class='ocrx_word' id='word_1_148' title='bbox 209 1916 219 1935; x_wconf 66' lang='lat'><em>0</em></span> <span class='ocrx_word' id='word_1_149' title='bbox 294 1880 440 1961; x_wconf 77' lang='lat' dir='ltr'>martymm</span> <span class='ocrx_word' id='word_1_150' title='bbox 450 1876 577 1947; x_wconf 79' lang='lat' dir='ltr'>reliquias</span> <span class='ocrx_word' id='word_1_151' title='bbox 587 1875 764 1950; x_wconf 82' lang='lat' dir='ltr'>frequentata,</span> <span class='ocrx_word' id='word_1_152' title='bbox 774 1892 828 1949; x_wconf 85' lang='lat' dir='ltr'>quo</span> <span class='ocrx_word' id='word_1_153' title='bbox 839 1876 983 1949; x_wconf 74' lang='lat' dir='ltr'>pergebant</span> <span class='ocrx_word' id='word_1_154' title='bbox 994 1874 1086 1946; x_wconf 92' lang='lat' dir='ltr'>popuii</span> <span class='ocrx_word' id='word_1_155' title='bbox 1177 1875 1362 1947; x_wconf 72' lang='lat' dir='ltr'>interpretatio</span> <span class='ocrx_word' id='word_1_156' title='bbox 1376 1875 1470 1933; x_wconf 85' lang='lat' dir='ltr'>Latina</span> <span class='ocrx_word' id='word_1_157' title='bbox 1477 1885 1519 1933; x_wconf 85' lang='lat' dir='ltr'>est</span> <span class='ocrx_word' id='word_1_158' title='bbox 1532 1876 1677 1935; x_wconf 76' lang='lat' dir='ltr'>Frontonis</span> <span class='ocrx_word' id='word_1_159' title='bbox 1690 1874 1792 1931; x_wconf 70' lang='lat' dir='ltr'>boemi.</span> 
     </span>
    </p>
   </div>
   <div class='ocr_carea' id='block_1_7' title="bbox 767 2114 1467 2209">
    <p class='ocr_par' dir='ltr' id='par_1_7' title="bbox 767 2114 1467 2209">
     <span class='ocr_line' id='line_1_15' title="bbox 767 2114 1467 2209; baseline 0.007 -21"><span class='ocrx_word' id='word_1_160' title='bbox 767 2119 837 2188; x_wconf 80' lang='lat' dir='ltr'>nu</span> <span class='ocrx_word' id='word_1_161' title='bbox 857 2114 1191 2208; x_wconf 70' lang='lat' dir='ltr'>annumeratum</span> <span class='ocrx_word' id='word_1_162' title='bbox 1211 2118 1467 2209; x_wconf 74' lang='lat' dir='ltr'>mmmmm,</span> 
     </span>
    </p>
   </div>
   <div class='ocr_carea' id='block_1_8' title="bbox 342 2272 1362 2405">
    <p class='ocr_par' dir='ltr' id='par_1_8' title="bbox 342 2272 1362 2405">
     <span class='ocr_line' id='line_1_16' title="bbox 420 2272 1362 2390; baseline 0.008 -65"><span class='ocrx_word' id='word_1_163' title='bbox 420 2356 429 2390; x_wconf 80' lang='lat'><em>,</em></span> <span class='ocrx_word' id='word_1_164' title='bbox 852 2286 892 2330; x_wconf 78' lang='grc' dir='ltr'>ιιι</span> <span class='ocrx_word' id='word_1_165' title='bbox 913 2285 1122 2358; x_wconf 69' lang='lat' dir='ltr'>numnam</span> <span class='ocrx_word' id='word_1_166' title='bbox 1143 2289 1290 2336; x_wconf 79' lang='lat' dir='ltr'>rrurrars</span> <span class='ocrx_word' id='word_1_167' title='bbox 1305 2272 1362 2355; x_wconf 87' lang='lat' dir='ltr'>(o).</span> 
     </span>
     <span class='ocr_line' id='line_1_17' title="bbox 342 2360 549 2405; baseline 0.01 -16"><span class='ocrx_word' id='word_1_168' title='bbox 342 2370 349 2389; x_wconf 79' lang='grc' dir='ltr'>ι</span> <span class='ocrx_word' id='word_1_169' title='bbox 371 2374 417 2389; x_wconf 56' lang='lat' dir='ltr'>nu.</span> <span class='ocrx_word' id='word_1_170' title='bbox 431 2360 483 2405; x_wconf 37' lang='lat' dir='ltr'>&#39;ap-‘¹</span> <span class='ocrx_word' id='word_1_171' title='bbox 512 2381 525 2390; x_wconf 92' lang='lat'>..</span> <span class='ocrx_word' id='word_1_172' title='bbox 539 2382 549 2391; x_wconf 88' lang='lat'>..</span> 
     </span>
    </p>
   </div>
   <div class='ocr_carea' id='block_1_9' title="bbox 442 2410 1373 2477">
    <p class='ocr_par' dir='ltr' id='par_1_9' title="bbox 384 2410 1373 2477">
     <span class='ocr_line' id='line_1_18' title="bbox 442 2410 1373 2477; baseline 0.002 -45.883"><span class='ocrx_word' id='word_1_173' title='bbox 442 2426 515 2434; x_wconf 81' lang='grc'>..-..</span> <span class='ocrx_word' id='word_1_174' title='bbox 936 2410 1313 2468; x_wconf 47' lang='lat' dir='ltr'>*oms—-</span> <span class='ocrx_word' id='word_1_175' title='bbox 1369 2449 1373 2477; x_wconf 27' lang='grc' dir='ltr'><em>ἦ</em></span> 
     </span>
    </p>
   </div>
   <div class='ocr_carea' id='block_1_10' title="bbox 229 2526 1935 5345">
    <p class='ocr_par' dir='ltr' id='par_1_10' title="bbox 244 2526 1935 4252">
     <span class='ocr_line' id='line_1_19' title="bbox 253 2526 1935 2607; baseline 0.001 -22"><span class='ocrx_word' id='word_1_176' title='bbox 253 2570 255 2575; x_wconf 84' lang='grc'>.</span> <span class='ocrx_word' id='word_1_177' title='bbox 330 2526 356 2585; x_wconf 92' lang='lat' dir='ltr'>i.</span> <span class='ocrx_word' id='word_1_178' title='bbox 378 2526 541 2585; x_wconf 71' lang='lat' dir='ltr'>mutonis·</span> <span class='ocrx_word' id='word_1_179' title='bbox 562 2527 595 2585; x_wconf 78' lang='lat' dir='ltr'>de</span> <span class='ocrx_word' id='word_1_180' title='bbox 616 2528 748 2587; x_wconf 68' lang='lat' dir='ltr'>oiecdtate</span> <span class='ocrx_word' id='word_1_181' title='bbox 769 2532 933 2605; x_wconf 76' lang='lat' dir='ltr'>gratulatur,-</span> <span class='ocrx_word' id='word_1_182' title='bbox 951 2548 1010 2607; x_wconf 68' lang='lat' dir='ltr'>ose</span> <span class='ocrx_word' id='word_1_183' title='bbox 1025 2548 1085 2591; x_wconf 79' lang='lat' dir='ltr'>aere</span> <span class='ocrx_word' id='word_1_184' title='bbox 1141 2532 1295 2590; x_wconf 86' lang='lat' dir='ltr'>bominibus</span> <span class='ocrx_word' id='word_1_185' title='bbox 1306 2532 1414 2605; x_wconf 80' lang='lat' dir='ltr'>guidem</span> <span class='ocrx_word' id='word_1_186' title='bbox 1432 2534 1555 2606; x_wconf 87' lang='lat' dir='ltr'>imperet.</span> <span class='ocrx_word' id='word_1_187' title='bbox 1570 2532 1618 2589; x_wconf 91' lang='lat' dir='ltr'>sed</span> <span class='ocrx_word' id='word_1_188' title='bbox 1630 2530 1865 2589; x_wconf 68' lang='lat' dir='ltr'>adeetibnstnimi</span> <span class='ocrx_word' id='word_1_189' title='bbox 1874 2546 1935 2587; x_wconf 85' lang='lat' dir='ltr'>ser·</span> 
     </span>
     <span class='ocr_line' id='line_1_20' title="bbox 256 2616 1935 2696; baseline 0.002 -21"><span class='ocrx_word' id='word_1_190' title='bbox 256 2646 258 2651; x_wconf 68' lang='lat'>,</span> <span class='ocrx_word' id='word_1_191' title='bbox 292 2616 344 2675; x_wconf 80' lang='lat' dir='ltr'>tint</span> <span class='ocrx_word' id='word_1_192' title='bbox 363 2620 472 2693; x_wconf 78' lang='lat' dir='ltr'>insignio</span> <span class='ocrx_word' id='word_1_193' title='bbox 492 2620 654 2693; x_wconf 59' lang='lat' dir='ltr'>memoratos</span> <span class='ocrx_word' id='word_1_194' title='bbox 671 2621 981 2693; x_wconf 74' lang='lat' dir='ltr'>seponit-Vehemens</span> <span class='ocrx_word' id='word_1_195' title='bbox 1003 2633 1086 2682; x_wconf 77' lang='lat' dir='ltr'>ustus</span> <span class='ocrx_word' id='word_1_196' title='bbox 1137 2624 1204 2691; x_wconf 82' lang='lat' dir='ltr'>siat,</span> <span class='ocrx_word' id='word_1_197' title='bbox 1223 2622 1296 2680; x_wconf 86' lang='lat' dir='ltr'>buno</span> <span class='ocrx_word' id='word_1_198' title='bbox 1318 2638 1369 2696; x_wconf 91' lang='lat' dir='ltr'>ego</span> <span class='ocrx_word' id='word_1_199' title='bbox 1389 2624 1503 2681; x_wconf 79' lang='lat' dir='ltr'>dixerim</span> <span class='ocrx_word' id='word_1_200' title='bbox 1525 2624 1679 2695; x_wconf 74' lang='lat' dir='ltr'>piusquam</span> <span class='ocrx_word' id='word_1_201' title='bbox 1694 2637 1789 2680; x_wconf 90' lang='lat' dir='ltr'>ornnes</span> <span class='ocrx_word' id='word_1_202' title='bbox 1808 2623 1935 2679; x_wconf 83' lang='lat' dir='ltr'>homines</span> 
     </span>
     <span class='ocr_line' id='line_1_21' title="bbox 291 2710 1933 2787; baseline 0.003 -23"><span class='ocrx_word' id='word_1_203' title='bbox 291 2717 346 2777; x_wconf 79' lang='lat' dir='ltr'>ost,</span> <span class='ocrx_word' id='word_1_204' title='bbox 360 2716 388 2765; x_wconf 92' lang='lat' dir='ltr'>et</span> <span class='ocrx_word' id='word_1_205' title='bbox 400 2710 529 2767; x_wconf 81' lang='lat' dir='ltr'>noiesttu</span> <span class='ocrx_word' id='word_1_206' title='bbox 540 2710 639 2780; x_wconf 68' lang='lat' dir='ltr'>ardon</span> <span class='ocrx_word' id='word_1_207' title='bbox 658 2720 775 2769; x_wconf 84' lang='lat' dir='ltr'>attamen</span> <span class='ocrx_word' id='word_1_208' title='bbox 789 2712 954 2771; x_wconf 84' lang='lat' dir='ltr'>alacritatem</span> <span class='ocrx_word' id='word_1_209' title='bbox 968 2722 1085 2772; x_wconf 82' lang='lat' dir='ltr'>vestram</span> <span class='ocrx_word' id='word_1_210' title='bbox 1137 2728 1199 2773; x_wconf 82' lang='lat' dir='ltr'>esse</span> <span class='ocrx_word' id='word_1_211' title='bbox 1212 2715 1334 2772; x_wconf 81' lang='lat' dir='ltr'>seruituti</span> <span class='ocrx_word' id='word_1_212' title='bbox 1352 2714 1507 2773; x_wconf 81' lang='lat' dir='ltr'>obnoxium.</span> <span class='ocrx_word' id='word_1_213' title='bbox 1530 2715 1566 2771; x_wconf 87' lang='lat' dir='ltr'>iit</span> <span class='ocrx_word' id='word_1_214' title='bbox 1584 2713 1810 2787; x_wconf 79' lang='lat' dir='ltr'>quemadmodum</span> <span class='ocrx_word' id='word_1_215' title='bbox 1823 2713 1868 2785; x_wconf 81' lang='lat' dir='ltr'>oui</span> <span class='ocrx_word' id='word_1_216' title='bbox 1895 2712 1933 2769; x_wconf 90' lang='lat' dir='ltr'>ie-</span> 
     </span>
     <span class='ocr_line' id='line_1_22' title="bbox 293 2790 1933 2877; baseline 0.001 -19"><span class='ocrx_word' id='word_1_217' title='bbox 293 2814 348 2858; x_wconf 88' lang='lat' dir='ltr'>non</span> <span class='ocrx_word' id='word_1_218' title='bbox 367 2800 525 2871; x_wconf 82' lang='lat' dir='ltr'>debititarit,</span> <span class='ocrx_word' id='word_1_219' title='bbox 545 2818 596 2859; x_wconf 89' lang='lat' dir='ltr'>neo</span> <span class='ocrx_word' id='word_1_220' title='bbox 613 2804 737 2862; x_wconf 89' lang='lat' dir='ltr'>audiendi</span> <span class='ocrx_word' id='word_1_221' title='bbox 755 2804 927 2876; x_wconf 85' lang='lat' dir='ltr'>eupiditatem</span> <span class='ocrx_word' id='word_1_222' title='bbox 945 2807 1084 2877; x_wconf 70' lang='lat' dir='ltr'>repressit.</span> <span class='ocrx_word' id='word_1_223' title='bbox 1137 2804 1208 2862; x_wconf 88' lang='lat' dir='ltr'>brim</span> <span class='ocrx_word' id='word_1_224' title='bbox 1220 2804 1320 2863; x_wconf 84' lang='lat' dir='ltr'>babeat</span> <span class='ocrx_word' id='word_1_225' title='bbox 1333 2804 1524 2863; x_wconf 72' lang='lat' dir='ltr'>rboeribrtue</span> <span class='ocrx_word' id='word_1_226' title='bbox 1538 2806 1616 2862; x_wconf 86' lang='lat' dir='ltr'>renis</span> <span class='ocrx_word' id='word_1_227' title='bbox 1637 2790 1712 2862; x_wconf 75' lang='lat' dir='ltr'>iratus</span> <span class='ocrx_word' id='word_1_228' title='bbox 1731 2804 1875 2868; x_wconf 83' lang='lat' dir='ltr'>ineinsarn.</span> <span class='ocrx_word' id='word_1_229' title='bbox 1893 2812 1933 2859; x_wconf 85' lang='lat' dir='ltr'>ta·</span> 
     </span>
     <span class='ocr_line' id='line_1_23' title="bbox 290 2887 1932 2970; baseline 0.002 -23"><span class='ocrx_word' id='word_1_230' title='bbox 290 2887 367 2947; x_wconf 76' lang='lat' dir='ltr'>d&#39;siis</span> <span class='ocrx_word' id='word_1_231' title='bbox 377 2899 420 2948; x_wconf 86' lang='lat' dir='ltr'>est</span> <span class='ocrx_word' id='word_1_232' title='bbox 436 2890 543 2951; x_wconf 87' lang='lat' dir='ltr'>auditor</span> <span class='ocrx_word' id='word_1_233' title='bbox 559 2892 666 2951; x_wconf 81' lang='lat' dir='ltr'>terrens</span> <span class='ocrx_word' id='word_1_234' title='bbox 680 2902 709 2953; x_wconf 93' lang='lat' dir='ltr'>et</span> <span class='ocrx_word' id='word_1_235' title='bbox 715 2902 854 2965; x_wconf 63' lang='lat' dir='ltr'>attentum</span> <span class='ocrx_word' id='word_1_236' title='bbox 875 2896 999 2955; x_wconf 88' lang='lat' dir='ltr'>audiendi</span> <span class='ocrx_word' id='word_1_237' title='bbox 1011 2896 1085 2955; x_wconf 86' lang='lat' dir='ltr'>desi·</span> <span class='ocrx_word' id='word_1_238' title='bbox 1138 2896 1217 2953; x_wconf 84' lang='lat' dir='ltr'>moui</span> <span class='ocrx_word' id='word_1_239' title='bbox 1229 2896 1297 2954; x_wconf 85' lang='lat' dir='ltr'>nibil</span> <span class='ocrx_word' id='word_1_240' title='bbox 1306 2897 1359 2954; x_wconf 90' lang='lat' dir='ltr'>taio</span> <span class='ocrx_word' id='word_1_241' title='bbox 1373 2897 1476 2970; x_wconf 84' lang='lat' dir='ltr'>species</span> <span class='ocrx_word' id='word_1_242' title='bbox 1489 2898 1610 2969; x_wconf 87' lang='lat' dir='ltr'>eorporis</span> <span class='ocrx_word' id='word_1_243' title='bbox 1618 2904 1729 2953; x_wconf 85' lang='lat' dir='ltr'>esterna</span> <span class='ocrx_word' id='word_1_244' title='bbox 1740 2909 1797 2968; x_wconf 74' lang='lat' dir='ltr'>prae</span> <span class='ocrx_word' id='word_1_245' title='bbox 1810 2908 1841 2951; x_wconf 89' lang='lat' dir='ltr'>se</span> <span class='ocrx_word' id='word_1_246' title='bbox 1852 2894 1932 2961; x_wconf 81' lang='lat' dir='ltr'>ierat,</span> 
     </span>
     <span class='ocr_line' id='line_1_24' title="bbox 291 2978 1930 3060; baseline 0 -21"><span class='ocrx_word' id='word_1_247' title='bbox 291 2981 369 3040; x_wconf 88' lang='lat' dir='ltr'>derio</span> <span class='ocrx_word' id='word_1_248' title='bbox 376 2984 565 3042; x_wconf 88' lang='lat' dir='ltr'>eorroboratus</span> <span class='ocrx_word' id='word_1_249' title='bbox 580 2988 671 3043; x_wconf 88' lang='lat' dir='ltr'>omnia</span> <span class='ocrx_word' id='word_1_250' title='bbox 692 2987 824 3059; x_wconf 76' lang='lat' dir='ltr'>patienter</span> <span class='ocrx_word' id='word_1_251' title='bbox 843 2988 913 3046; x_wconf 80' lang='lat' dir='ltr'>ieme</span> <span class='ocrx_word' id='word_1_252' title='bbox 935 2998 1032 3060; x_wconf 87' lang='lat' dir='ltr'>potest.</span> <span class='ocrx_word' id='word_1_253' title='bbox 1056 2998 1086 3048; x_wconf 89' lang='lat' dir='ltr'>ut</span> <span class='ocrx_word' id='word_1_254' title='bbox 1139 2988 1335 3047; x_wconf 89' lang='lat' dir='ltr'>omniuoiebre</span> <span class='ocrx_word' id='word_1_255' title='bbox 1348 2990 1464 3046; x_wconf 82' lang='lat' dir='ltr'>maximo</span> <span class='ocrx_word' id='word_1_256' title='bbox 1476 2996 1629 3060; x_wconf 87' lang='lat' dir='ltr'>eorreptum</span> <span class='ocrx_word' id='word_1_257' title='bbox 1642 2978 1765 3044; x_wconf 76' lang='lat' dir='ltr'>asserent</span> <span class='ocrx_word' id='word_1_258' title='bbox 1779 2985 1930 3051; x_wconf 66' lang='lat' dir='ltr'>medicib-</span> 
     </span>
     <span class='ocr_line' id='line_1_25' title="bbox 292 3070 1932 3152; baseline 0.003 -25"><span class='ocrx_word' id='word_1_259' title='bbox 292 3070 464 3143; x_wconf 81' lang='lat' dir='ltr'>uupiditatem</span> <span class='ocrx_word' id='word_1_260' title='bbox 481 3072 551 3130; x_wconf 87' lang='lat' dir='ltr'>barre</span> <span class='ocrx_word' id='word_1_261' title='bbox 567 3076 723 3147; x_wconf 79' lang='lat' dir='ltr'>praeturam</span> <span class='ocrx_word' id='word_1_262' title='bbox 737 3085 764 3133; x_wconf 89' lang='lat' dir='ltr'>et</span> <span class='ocrx_word' id='word_1_263' title='bbox 781 3078 956 3148; x_wconf 85' lang='lat' dir='ltr'>¹spiritualem</span> <span class='ocrx_word' id='word_1_264' title='bbox 969 3078 1085 3151; x_wconf 78' lang='lat' dir='ltr'>expleat,</span> <span class='ocrx_word' id='word_1_265' title='bbox 1138 3088 1182 3137; x_wconf 88' lang='lat' dir='ltr'>eet</span> <span class='ocrx_word' id='word_1_266' title='bbox 1193 3080 1317 3152; x_wconf 82' lang='lat' dir='ltr'>ignorent</span> <span class='ocrx_word' id='word_1_267' title='bbox 1335 3080 1452 3151; x_wconf 88' lang='lat' dir='ltr'>imperiti</span> <span class='ocrx_word' id='word_1_268' title='bbox 1474 3098 1482 3135; x_wconf 75' lang='grc' dir='ltr'><strong><em>ε</em></strong></span> <span class='ocrx_word' id='word_1_269' title='bbox 1501 3079 1542 3137; x_wconf 86' lang='lat' dir='ltr'>sie</span> <span class='ocrx_word' id='word_1_270' title='bbox 1553 3088 1582 3136; x_wconf 87' lang='lat' dir='ltr'>et</span> <span class='ocrx_word' id='word_1_271' title='bbox 1592 3079 1727 3151; x_wconf 90' lang='lat' dir='ltr'>egoiiium</span> <span class='ocrx_word' id='word_1_272' title='bbox 1745 3078 1789 3135; x_wconf 88' lang='lat' dir='ltr'>eui</span> <span class='ocrx_word' id='word_1_273' title='bbox 1806 3090 1885 3134; x_wconf 84' lang='lat' dir='ltr'>serra</span> <span class='ocrx_word' id='word_1_274' title='bbox 1899 3075 1932 3132; x_wconf 90' lang='lat' dir='ltr'>sit</span> 
     </span>
     <span class='ocr_line' id='line_1_26' title="bbox 244 3162 1931 3249; baseline 0.003 -30"><span class='ocrx_word' id='word_1_275' title='bbox 244 3213 245 3219; x_wconf 75' lang='grc'>,</span> <span class='ocrx_word' id='word_1_276' title='bbox 290 3171 320 3217; x_wconf 89' lang='lat' dir='ltr'>et</span> <span class='ocrx_word' id='word_1_277' title='bbox 341 3178 421 3220; x_wconf 83' lang='lat' dir='ltr'>neon</span> <span class='ocrx_word' id='word_1_278' title='bbox 442 3162 558 3237; x_wconf 73' lang='lat' dir='ltr'>frigore,</span> <span class='ocrx_word' id='word_1_279' title='bbox 580 3168 686 3249; x_wconf 31' lang='lat' dir='ltr'>nee‘ab</span> <span class='ocrx_word' id='word_1_280' title='bbox 704 3178 781 3240; x_wconf 76' lang='lat' dir='ltr'>msto,</span> <span class='ocrx_word' id='word_1_281' title='bbox 807 3185 894 3227; x_wconf 88' lang='lat' dir='ltr'>nonu</span> <span class='ocrx_word' id='word_1_282' title='bbox 916 3172 1085 3244; x_wconf 90' lang='lat' dir='ltr'>negotiorum</span> <span class='ocrx_word' id='word_1_283' title='bbox 1138 3174 1268 3230; x_wconf 84' lang='lat' dir='ltr'>animast</span> <span class='ocrx_word' id='word_1_284' title='bbox 1282 3173 1364 3230; x_wconf 86' lang='lat' dir='ltr'>animi</span> <span class='ocrx_word' id='word_1_285' title='bbox 1384 3172 1523 3229; x_wconf 78' lang='lat' dir='ltr'>abeetibus</span> <span class='ocrx_word' id='word_1_286' title='bbox 1544 3172 1705 3242; x_wconf 82' lang='lat' dir='ltr'>mancipata,</span> <span class='ocrx_word' id='word_1_287' title='bbox 1719 3170 1783 3227; x_wconf 91' lang='lat' dir='ltr'>iioet</span> <span class='ocrx_word' id='word_1_288' title='bbox 1796 3169 1864 3225; x_wconf 88' lang='lat' dir='ltr'>nibil</span> <span class='ocrx_word' id='word_1_289' title='bbox 1879 3168 1931 3224; x_wconf 90' lang='lat' dir='ltr'>taie</span> 
     </span>
     <span class='ocr_line' id='line_1_27' title="bbox 291 3251 1930 3343; baseline 0.005 -36"><span class='ocrx_word' id='word_1_290' title='bbox 291 3251 381 3320; x_wconf 85' lang='lat' dir='ltr'>turba,</span> <span class='ocrx_word' id='word_1_291' title='bbox 396 3268 449 3311; x_wconf 93' lang='lat' dir='ltr'>non</span> <span class='ocrx_word' id='word_1_292' title='bbox 464 3270 479 3311; x_wconf 89' lang='lat' dir='ltr'>a</span> <span class='ocrx_word' id='word_1_293' title='bbox 494 3256 663 3316; x_wconf 87' lang='lat' dir='ltr'>multitudine</span> <span class='ocrx_word' id='word_1_294' title='bbox 675 3274 808 3330; x_wconf 82' lang='lat' dir='ltr'>curarum,</span> <span class='ocrx_word' id='word_1_295' title='bbox 824 3278 877 3320; x_wconf 89' lang='lat' dir='ltr'>non</span> <span class='ocrx_word' id='word_1_296' title='bbox 886 3263 921 3320; x_wconf 88' lang='lat' dir='ltr'>ab</span> <span class='ocrx_word' id='word_1_297' title='bbox 933 3264 991 3343; x_wconf 77' lang='lat' dir='ltr'>aiiis</span> <span class='ocrx_word' id='word_1_298' title='bbox 1004 3266 1086 3323; x_wconf 87' lang='lat' dir='ltr'>rebus</span> <span class='ocrx_word' id='word_1_299' title='bbox 1138 3263 1352 3331; x_wconf 81' lang='lat' dir='ltr'>iaoiesexterna,</span> <span class='ocrx_word' id='word_1_300' title='bbox 1363 3262 1411 3335; x_wconf 85' lang='lat' dir='ltr'>sed</span> <span class='ocrx_word' id='word_1_301' title='bbox 1422 3263 1585 3319; x_wconf 89' lang='lat' dir='ltr'>eontrarium</span> <span class='ocrx_word' id='word_1_302' title='bbox 1600 3277 1655 3333; x_wconf 78' lang='lat' dir='ltr'>pras</span> <span class='ocrx_word' id='word_1_303' title='bbox 1667 3277 1698 3318; x_wconf 88' lang='lat' dir='ltr'>se</span> <span class='ocrx_word' id='word_1_304' title='bbox 1714 3260 1793 3328; x_wconf 85' lang='lat' dir='ltr'>ierat,</span> <span class='ocrx_word' id='word_1_305' title='bbox 1810 3260 1930 3317; x_wconf 76' lang='lat' dir='ltr'>servituti</span> 
     </span>
     <span class='ocr_line' id='line_1_28' title="bbox 292 3342 1928 3427; baseline 0.017 -30"><span class='ocrx_word' id='word_1_306' title='bbox 292 3342 353 3399; x_wconf 90' lang='lat' dir='ltr'>uiiis</span> <span class='ocrx_word' id='word_1_307' title='bbox 367 3342 498 3415; x_wconf 78' lang='lat' dir='ltr'>eiusmodi</span> <span class='ocrx_word' id='word_1_308' title='bbox 511 3358 600 3419; x_wconf 87' lang='lat' dir='ltr'>potest</span> <span class='ocrx_word' id='word_1_309' title='bbox 614 3352 779 3424; x_wconf 88' lang='lat' dir='ltr'>suppiantari</span> <span class='ocrx_word' id='word_1_310' title='bbox 796 3357 1042 3427; x_wconf 85' lang='lat' dir='ltr'>:quemadmodum</span> <span class='ocrx_word' id='word_1_311' title='bbox 1057 3369 1085 3415; x_wconf 87' lang='lat' dir='ltr'>et</span> <span class='ocrx_word' id='word_1_312' title='bbox 1139 3354 1284 3411; x_wconf 80' lang='lat' dir='ltr'>obnoxium</span> <span class='ocrx_word' id='word_1_313' title='bbox 1304 3369 1360 3426; x_wconf 77' lang='lat' dir='ltr'>praa</span> <span class='ocrx_word' id='word_1_314' title='bbox 1377 3354 1482 3410; x_wconf 84' lang='lat' dir='ltr'>emteris</span> <span class='ocrx_word' id='word_1_315' title='bbox 1501 3353 1625 3417; x_wconf 76' lang='lat' dir='ltr'>dixerim·</span> <span class='ocrx_word' id='word_1_316' title='bbox 1639 3359 1731 3423; x_wconf 57' lang='lat' dir='ltr'>⁰¹9⁰st</span> <span class='ocrx_word' id='word_1_317' title='bbox 1744 3350 1790 3422; x_wconf 64' lang='lat'>(1¹¹³</span> <span class='ocrx_word' id='word_1_318' title='bbox 1804 3350 1928 3407; x_wconf 59' lang='lat' dir='ltr'>&#39;mmm</span> 
     </span>
     <span class='ocr_line' id='line_1_29' title="bbox 291 3433 1930 3519; baseline 0.005 -31"><span class='ocrx_word' id='word_1_319' title='bbox 291 3433 416 3502; x_wconf 85' lang='lat' dir='ltr'>supinrrm</span> <span class='ocrx_word' id='word_1_320' title='bbox 428 3450 460 3493; x_wconf 89' lang='lat' dir='ltr'>ao</span> <span class='ocrx_word' id='word_1_321' title='bbox 476 3438 597 3497; x_wconf 78' lang='lat' dir='ltr'>desidem</span> <span class='ocrx_word' id='word_1_322' title='bbox 611 3458 665 3497; x_wconf 89' lang='lat' dir='ltr'>non</span> <span class='ocrx_word' id='word_1_323' title='bbox 682 3444 752 3501; x_wconf 87' lang='lat' dir='ltr'>auris</span> <span class='ocrx_word' id='word_1_324' title='bbox 774 3446 842 3502; x_wconf 88' lang='lat' dir='ltr'>bona</span> <span class='ocrx_word' id='word_1_325' title='bbox 862 3450 1014 3519; x_wconf 82' lang='lat' dir='ltr'>temperies,</span> <span class='ocrx_word' id='word_1_326' title='bbox 1030 3466 1084 3509; x_wconf 88' lang='lat' dir='ltr'>nau</span> <span class='ocrx_word' id='word_1_327' title='bbox 1139 3442 1234 3501; x_wconf 81' lang='lat' dir='ltr'>iebtim</span> <span class='ocrx_word' id='word_1_328' title='bbox 1247 3452 1412 3516; x_wconf 68' lang='lat' dir='ltr'>grassantem</span> <span class='ocrx_word' id='word_1_329' title='bbox 1431 3445 1504 3501; x_wconf 88' lang='lat' dir='ltr'>intus</span> <span class='ocrx_word' id='word_1_330' title='bbox 1517 3436 1625 3512; x_wconf 81' lang='lat' dir='ltr'>babeat,</span> <span class='ocrx_word' id='word_1_331' title='bbox 1639 3457 1672 3499; x_wconf 86' lang='lat' dir='ltr'>ae</span> <span class='ocrx_word' id='word_1_332' title='bbox 1690 3441 1858 3513; x_wconf 76' lang='lat' dir='ltr'>tyrannidem</span> <span class='ocrx_word' id='word_1_333' title='bbox 1870 3456 1930 3512; x_wconf 83' lang='lat' dir='ltr'>pas·</span> 
     </span>
     <span class='ocr_line' id='line_1_30' title="bbox 291 3524 1928 3613; baseline 0.017 -36"><span class='ocrx_word' id='word_1_334' title='bbox 291 3524 376 3580; x_wconf 92' lang='lat' dir='ltr'>otium</span> <span class='ocrx_word' id='word_1_335' title='bbox 393 3535 421 3583; x_wconf 91' lang='lat' dir='ltr'>et</span> <span class='ocrx_word' id='word_1_336' title='bbox 440 3531 580 3601; x_wconf 81' lang='lat' dir='ltr'>securitas,</span> <span class='ocrx_word' id='word_1_337' title='bbox 593 3548 646 3589; x_wconf 89' lang='lat' dir='ltr'>non</span> <span class='ocrx_word' id='word_1_338' title='bbox 665 3535 776 3593; x_wconf 88' lang='lat' dir='ltr'>iaeiiitas</span> <span class='ocrx_word' id='word_1_339' title='bbox 797 3548 844 3594; x_wconf 88' lang='lat' dir='ltr'>aut</span> <span class='ocrx_word' id='word_1_340' title='bbox 863 3540 985 3611; x_wconf 81' lang='lat' dir='ltr'>voluptas</span> <span class='ocrx_word' id='word_1_341' title='bbox 998 3552 1086 3613; x_wconf 88' lang='lat' dir='ltr'>potest</span> <span class='ocrx_word' id='word_1_342' title='bbox 1137 3536 1244 3593; x_wconf 60' lang='lat' dir='ltr'>flottam</span> <span class='ocrx_word' id='word_1_343' title='bbox 1258 3536 1309 3606; x_wconf 60' lang='lat' dir='ltr'>iiiii</span> <span class='ocrx_word' id='word_1_344' title='bbox 1322 3535 1419 3592; x_wconf 64' lang='lat' dir='ltr'>inim</span> <span class='ocrx_word' id='word_1_345' title='bbox 1439 3534 1623 3593; x_wconf 64' lang='grc' dir='ltr'>ἱιδῑᾶθιῑθῦῐ</span> <span class='ocrx_word' id='word_1_346' title='bbox 1644 3534 1830 3605; x_wconf 84' lang='lat' dir='ltr'>magistratum</span> <span class='ocrx_word' id='word_1_347' title='bbox 1840 3540 1928 3587; x_wconf 57' lang='grc' dir='ltr'>’Μ</span> 
     </span>
     <span class='ocr_line' id='line_1_31' title="bbox 292 3615 1925 3699; baseline 0.005 -30"><span class='ocrx_word' id='word_1_348' title='bbox 292 3615 421 3686; x_wconf 80' lang='lat' dir='ltr'>exaitare,</span> <span class='ocrx_word' id='word_1_349' title='bbox 442 3620 490 3675; x_wconf 90' lang='lat' dir='ltr'>sed</span> <span class='ocrx_word' id='word_1_350' title='bbox 506 3631 646 3694; x_wconf 78' lang='lat' dir='ltr'>correptus</span> <span class='ocrx_word' id='word_1_351' title='bbox 666 3640 761 3683; x_wconf 89' lang='lat' dir='ltr'>somno</span> <span class='ocrx_word' id='word_1_352' title='bbox 777 3630 892 3699; x_wconf 82' lang='lat' dir='ltr'>quodam</span> <span class='ocrx_word' id='word_1_353' title='bbox 914 3633 1013 3689; x_wconf 69' lang='lat' dir='ltr'>residet</span> <span class='ocrx_word' id='word_1_354' title='bbox 1029 3636 1083 3691; x_wconf 68' lang='lat' dir='ltr'>cfr.</span> <span class='ocrx_word' id='word_1_355' title='bbox 1135 3640 1240 3697; x_wconf 83' lang='lat' dir='ltr'>gerere,</span> <span class='ocrx_word' id='word_1_356' title='bbox 1256 3625 1406 3684; x_wconf 88' lang='lat' dir='ltr'>etiiberum</span> <span class='ocrx_word' id='word_1_357' title='bbox 1419 3640 1480 3682; x_wconf 87' lang='lat' dir='ltr'>esse</span> <span class='ocrx_word' id='word_1_358' title='bbox 1493 3640 1525 3681; x_wconf 87' lang='lat' dir='ltr'>ae</span> <span class='ocrx_word' id='word_1_359' title='bbox 1536 3625 1644 3697; x_wconf 88' lang='lat' dir='ltr'>regibus</span> <span class='ocrx_word' id='word_1_360' title='bbox 1659 3623 1726 3695; x_wconf 88' lang='lat' dir='ltr'>ipsis</span> <span class='ocrx_word' id='word_1_361' title='bbox 1736 3622 1925 3694; x_wconf 83' lang='lat' dir='ltr'>augustiorem,</span> 
     </span>
     <span class='ocr_line' id='line_1_32' title="bbox 286 3704 1927 3791; baseline 0.015 -30"><span class='ocrx_word' id='word_1_362' title='bbox 286 3704 366 3763; x_wconf 60' lang='lat' dir='ltr'>:mine</span> <span class='ocrx_word' id='word_1_363' title='bbox 386 3722 418 3765; x_wconf 85' lang='lat' dir='ltr'>ae</span> <span class='ocrx_word' id='word_1_364' title='bbox 436 3710 632 3783; x_wconf 82' lang='lat' dir='ltr'>uituperatione</span> <span class='ocrx_word' id='word_1_365' title='bbox 648 3716 813 3788; x_wconf 89' lang='lat' dir='ltr'>dignissimo.</span> <span class='ocrx_word' id='word_1_366' title='bbox 837 3721 889 3779; x_wconf 85' lang='lat' dir='ltr'>Vos</span> <span class='ocrx_word' id='word_1_367' title='bbox 912 3732 1001 3781; x_wconf 87' lang='lat' dir='ltr'>autem</span> <span class='ocrx_word' id='word_1_368' title='bbox 1017 3728 1084 3784; x_wconf 86' lang='lat' dir='ltr'>tutes</span> <span class='ocrx_word' id='word_1_369' title='bbox 1136 3718 1259 3791; x_wconf 79' lang='lat' dir='ltr'>quamvis</span> <span class='ocrx_word' id='word_1_370' title='bbox 1270 3720 1366 3790; x_wconf 82' lang='lat' dir='ltr'>pannis</span> <span class='ocrx_word' id='word_1_371' title='bbox 1385 3716 1494 3774; x_wconf 87' lang='lat' dir='ltr'>indatus</span> <span class='ocrx_word' id='word_1_372' title='bbox 1508 3716 1555 3784; x_wconf 67' lang='lat'>⁸5⁸,</span> <span class='ocrx_word' id='word_1_373' title='bbox 1576 3716 1698 3787; x_wconf 59' lang='lat' dir='ltr'>(immiti</span> <span class='ocrx_word' id='word_1_374' title='bbox 1716 3714 1745 3771; x_wconf 72' lang='lat'>5¹¹</span> <span class='ocrx_word' id='word_1_375' title='bbox 1759 3728 1870 3770; x_wconf 61' lang='lat' dir='ltr'>cim</span> <span class='ocrx_word' id='word_1_376' title='bbox 1881 3711 1927 3768; x_wconf 80' lang='lat'>¹¹²·</span> 
     </span>
     <span class='ocr_line' id='line_1_33' title="bbox 291 3798 1925 3881; baseline 0.015 -31"><span class='ocrx_word' id='word_1_377' title='bbox 291 3808 346 3851; x_wconf 82' lang='lat' dir='ltr'>noa</span> <span class='ocrx_word' id='word_1_378' title='bbox 360 3798 426 3855; x_wconf 83' lang='lat' dir='ltr'>estis</span> <span class='ocrx_word' id='word_1_379' title='bbox 438 3801 507 3864; x_wconf 58' lang='lat' dir='ltr'>ised</span> <span class='ocrx_word' id='word_1_380' title='bbox 521 3801 553 3861; x_wconf 87' lang='lat' dir='ltr'>iis</span> <span class='ocrx_word' id='word_1_381' title='bbox 568 3804 613 3876; x_wconf 87' lang='lat' dir='ltr'>qui</span> <span class='ocrx_word' id='word_1_382' title='bbox 628 3817 747 3865; x_wconf 84' lang='lat' dir='ltr'>nostram</span> <span class='ocrx_word' id='word_1_383' title='bbox 760 3809 880 3869; x_wconf 80' lang='lat' dir='ltr'>inaniunt</span> <span class='ocrx_word' id='word_1_384' title='bbox 892 3814 985 3873; x_wconf 89' lang='lat' dir='ltr'>urbem</span> <span class='ocrx_word' id='word_1_385' title='bbox 999 3817 1084 3875; x_wconf 90' lang='lat' dir='ltr'>muito</span> <span class='ocrx_word' id='word_1_386' title='bbox 1134 3810 1212 3877; x_wconf 71' lang='lat' dir='ltr'>bitti,</span> <span class='ocrx_word' id='word_1_387' title='bbox 1225 3809 1346 3881; x_wconf 59' lang='lat' dir='ltr'>(immisi</span> <span class='ocrx_word' id='word_1_388' title='bbox 1359 3816 1453 3865; x_wconf 58' lang='lat'><strong>“⁸0⁰²</strong></span> <span class='ocrx_word' id='word_1_389' title='bbox 1465 3809 1501 3865; x_wconf 64' lang='lat'>⁸3¹</span> <span class='ocrx_word' id='word_1_390' title='bbox 1511 3806 1702 3875; x_wconf 52' lang='lat' dir='ltr'>&amp;mimimo</span> <span class='ocrx_word' id='word_1_391' title='bbox 1716 3820 1779 3862; x_wconf 67' lang='lat'>⁶⁰¹⁰</span> <span class='ocrx_word' id='word_1_392' title='bbox 1791 3804 1839 3876; x_wconf 85' lang='lat' dir='ltr'>qui</span> <span class='ocrx_word' id='word_1_393' title='bbox 1850 3803 1925 3875; x_wconf 59' lang='lat' dir='ltr'>&#39;¹¹¹5ss</span> 
     </span>
     <span class='ocr_line' id='line_1_34' title="bbox 284 3883 1925 3975; baseline 0.006 -34"><span class='ocrx_word' id='word_1_394' title='bbox 284 3883 416 3945; x_wconf 87' lang='lat' dir='ltr'>metiores</span> <span class='ocrx_word' id='word_1_395' title='bbox 434 3890 510 3947; x_wconf 85' lang='lat' dir='ltr'>estis.</span> <span class='ocrx_word' id='word_1_396' title='bbox 529 3892 667 3965; x_wconf 82' lang='lat' dir='ltr'>Siquidem</span> <span class='ocrx_word' id='word_1_397' title='bbox 685 3912 732 3955; x_wconf 88' lang='lat' dir='ltr'>ros</span> <span class='ocrx_word' id='word_1_398' title='bbox 749 3901 823 3959; x_wconf 86' lang='lat' dir='ltr'>urbis</span> <span class='ocrx_word' id='word_1_399' title='bbox 841 3914 921 3975; x_wconf 87' lang='lat' dir='ltr'>eaput</span> <span class='ocrx_word' id='word_1_400' title='bbox 939 3919 971 3963; x_wconf 87' lang='lat' dir='ltr'>aa</span> <span class='ocrx_word' id='word_1_401' title='bbox 990 3918 1082 3965; x_wconf 79' lang='lat' dir='ltr'>vertex</span> <span class='ocrx_word' id='word_1_402' title='bbox 1136 3901 1283 3974; x_wconf 80' lang='lat' dir='ltr'>tyrannidis</span> <span class='ocrx_word' id='word_1_403' title='bbox 1294 3903 1387 3973; x_wconf 76' lang='lat' dir='ltr'>iugum</span> <span class='ocrx_word' id='word_1_404' title='bbox 1404 3900 1563 3969; x_wconf 80' lang='lat' dir='ltr'>excusserit,</span> <span class='ocrx_word' id='word_1_405' title='bbox 1573 3907 1603 3955; x_wconf 93' lang='lat' dir='ltr'>et</span> <span class='ocrx_word' id='word_1_406' title='bbox 1619 3912 1706 3969; x_wconf 83' lang='lat' dir='ltr'>nsque</span> <span class='ocrx_word' id='word_1_407' title='bbox 1714 3896 1809 3968; x_wconf 75' lang='lat' dir='ltr'>‚praris</span> <span class='ocrx_word' id='word_1_408' title='bbox 1824 3894 1925 3967; x_wconf 86' lang='lat' dir='ltr'>eupidi-</span> 
     </span>
     <span class='ocr_line' id='line_1_35' title="bbox 284 3976 1925 4070; baseline 0.006 -37"><span class='ocrx_word' id='word_1_409' title='bbox 284 3976 436 4037; x_wconf 85' lang='lat' dir='ltr'>ostitadeo</span> <span class='ocrx_word' id='word_1_410' title='bbox 448 3982 530 4047; x_wconf 84' lang='lat' dir='ltr'>ereoti</span> <span class='ocrx_word' id='word_1_411' title='bbox 544 3998 577 4041; x_wconf 85' lang='lat' dir='ltr'>ao</span> <span class='ocrx_word' id='word_1_412' title='bbox 598 3986 707 4059; x_wconf 86' lang='lat' dir='ltr'>vigiles,</span> <span class='ocrx_word' id='word_1_413' title='bbox 725 4000 752 4047; x_wconf 87' lang='lat' dir='ltr'>et</span> <span class='ocrx_word' id='word_1_414' title='bbox 764 3993 809 4063; x_wconf 84' lang='lat' dir='ltr'>qui</span> <span class='ocrx_word' id='word_1_415' title='bbox 824 4007 855 4051; x_wconf 88' lang='lat' dir='ltr'>ea</span> <span class='ocrx_word' id='word_1_416' title='bbox 873 4010 933 4067; x_wconf 79' lang='lat' dir='ltr'>quae</span> <span class='ocrx_word' id='word_1_417' title='bbox 945 3997 1080 4070; x_wconf 83' lang='lat' dir='ltr'>dicuntur,</span> <span class='ocrx_word' id='word_1_418' title='bbox 1137 3992 1235 4049; x_wconf 87' lang='lat' dir='ltr'>tatibus</span> <span class='ocrx_word' id='word_1_419' title='bbox 1249 3998 1381 4059; x_wconf 87' lang='lat' dir='ltr'>teneatur,</span> <span class='ocrx_word' id='word_1_420' title='bbox 1393 4006 1445 4067; x_wconf 84' lang='lat' dir='ltr'>nee</span> <span class='ocrx_word' id='word_1_421' title='bbox 1461 3990 1579 4047; x_wconf 90' lang='lat' dir='ltr'>absurdo</span> <span class='ocrx_word' id='word_1_422' title='bbox 1596 3987 1760 4061; x_wconf 78' lang='lat' dir='ltr'>paupertatis</span> <span class='ocrx_word' id='word_1_423' title='bbox 1774 3994 1804 4043; x_wconf 89' lang='lat' dir='ltr'>et</span> <span class='ocrx_word' id='word_1_424' title='bbox 1814 3986 1925 4057; x_wconf 87' lang='lat' dir='ltr'>ignomi-</span> 
     </span>
     <span class='ocr_line' id='line_1_36' title="bbox 281 4074 1922 4157; baseline 0.002 -26"><span class='ocrx_word' id='word_1_425' title='bbox 281 4076 418 4139; x_wconf 82' lang='lat' dir='ltr'>perpetuo</span> <span class='ocrx_word' id='word_1_426' title='bbox 427 4074 550 4145; x_wconf 81' lang='lat' dir='ltr'>persequi</span> <span class='ocrx_word' id='word_1_427' title='bbox 563 4074 683 4135; x_wconf 88' lang='lat' dir='ltr'>studiose</span> <span class='ocrx_word' id='word_1_428' title='bbox 692 4080 793 4137; x_wconf 84' lang='lat' dir='ltr'>soletis.</span> <span class='ocrx_word' id='word_1_429' title='bbox 803 4082 860 4141; x_wconf 86' lang='lat' dir='ltr'>liae</span> <span class='ocrx_word' id='word_1_430' title='bbox 869 4086 934 4143; x_wconf 89' lang='lat' dir='ltr'>mibi</span> <span class='ocrx_word' id='word_1_431' title='bbox 945 4087 1079 4145; x_wconf 86' lang='lat' dir='ltr'>theatrum</span> <span class='ocrx_word' id='word_1_432' title='bbox 1135 4084 1198 4155; x_wconf 81' lang='lat' dir='ltr'>niae,</span> <span class='ocrx_word' id='word_1_433' title='bbox 1209 4100 1296 4157; x_wconf 82' lang='lat' dir='ltr'>noque</span> <span class='ocrx_word' id='word_1_434' title='bbox 1308 4099 1401 4142; x_wconf 88' lang='lat' dir='ltr'>eoram</span> <span class='ocrx_word' id='word_1_435' title='bbox 1415 4100 1475 4156; x_wconf 79' lang='lat' dir='ltr'>qum</span> <span class='ocrx_word' id='word_1_436' title='bbox 1495 4084 1522 4139; x_wconf 90' lang='lat' dir='ltr'>in</span> <span class='ocrx_word' id='word_1_437' title='bbox 1533 4083 1585 4139; x_wconf 87' lang='lat' dir='ltr'>bae</span> <span class='ocrx_word' id='word_1_438' title='bbox 1598 4084 1652 4139; x_wconf 86' lang='lat' dir='ltr'>rita</span> <span class='ocrx_word' id='word_1_439' title='bbox 1666 4081 1780 4139; x_wconf 85' lang='lat' dir='ltr'>molesta</span> <span class='ocrx_word' id='word_1_440' title='bbox 1791 4080 1922 4146; x_wconf 85' lang='lat' dir='ltr'>ridentur,</span> 
     </span>
     <span class='ocr_line' id='line_1_37' title="bbox 281 4162 1818 4252; baseline 0.009 -37"><span class='ocrx_word' id='word_1_441' title='bbox 281 4170 383 4229; x_wconf 76' lang='lat' dir='ltr'>¹regum</span> <span class='ocrx_word' id='word_1_442' title='bbox 396 4162 463 4219; x_wconf 88' lang='lat' dir='ltr'>auiis</span> <span class='ocrx_word' id='word_1_443' title='bbox 477 4172 520 4244; x_wconf 70' lang='lat' dir='ltr'>est</span> <span class='ocrx_word' id='word_1_444' title='bbox 536 4170 683 4239; x_wconf 85' lang='lat' dir='ltr'>augustius.</span> <span class='ocrx_word' id='word_1_445' title='bbox 698 4170 765 4229; x_wconf 86' lang='lat' dir='ltr'>Nam</span> <span class='ocrx_word' id='word_1_446' title='bbox 780 4174 834 4231; x_wconf 86' lang='lat' dir='ltr'>ittio</span> <span class='ocrx_word' id='word_1_447' title='bbox 846 4176 954 4246; x_wconf 82' lang='lat' dir='ltr'>quidem</span> <span class='ocrx_word' id='word_1_448' title='bbox 971 4194 1003 4236; x_wconf 89' lang='lat' dir='ltr'>ea</span> <span class='ocrx_word' id='word_1_449' title='bbox 1017 4196 1079 4252; x_wconf 75' lang='lat' dir='ltr'>quse</span> <span class='ocrx_word' id='word_1_450' title='bbox 1137 4178 1233 4232; x_wconf 90' lang='lat' dir='ltr'>timore</span> <span class='ocrx_word' id='word_1_451' title='bbox 1245 4184 1385 4247; x_wconf 79' lang='lat' dir='ltr'>surreptus</span> <span class='ocrx_word' id='word_1_452' title='bbox 1398 4166 1596 4235; x_wconf 75' lang='lat' dir='ltr'>contremiseat.</span> <span class='ocrx_word' id='word_1_453' title='bbox 1814 4168 1818 4173; x_wconf 84' lang='grc'><strong>’</strong></span> 
     </span>
    </p>

    <p class='ocr_par' dir='ltr' id='par_1_11' title="bbox 229 4248 1923 4888">
     <span class='ocr_line' id='line_1_38' title="bbox 282 4248 1922 4341; baseline 0.009 -39"><span class='ocrx_word' id='word_1_454' title='bbox 282 4248 451 4319; x_wconf 82' lang='lat' dir='ltr'>tribuuntur,</span> <span class='ocrx_word' id='word_1_455' title='bbox 464 4268 517 4311; x_wconf 87' lang='lat' dir='ltr'>una</span> <span class='ocrx_word' id='word_1_456' title='bbox 536 4270 598 4313; x_wconf 91' lang='lat' dir='ltr'>eum</span> <span class='ocrx_word' id='word_1_457' title='bbox 615 4257 665 4317; x_wconf 83' lang='lat' dir='ltr'>irae</span> <span class='ocrx_word' id='word_1_458' title='bbox 679 4262 732 4319; x_wconf 82' lang='lat' dir='ltr'>uita</span> <span class='ocrx_word' id='word_1_459' title='bbox 751 4263 888 4333; x_wconf 82' lang='lat' dir='ltr'>finiuntur,</span> <span class='ocrx_word' id='word_1_460' title='bbox 903 4276 929 4324; x_wconf 91' lang='lat' dir='ltr'>et</span> <span class='ocrx_word' id='word_1_461' title='bbox 951 4272 1079 4329; x_wconf 76' lang='lat' dir='ltr'>tumuitus</span> <span class='ocrx_word' id='word_1_462' title='bbox 1129 4303 1132 4310; x_wconf 84' lang='lat'>·</span> <span class='ocrx_word' id='word_1_463' title='bbox 1171 4266 1199 4321; x_wconf 66' lang='grc' dir='ltr'>Ξ.</span> <span class='ocrx_word' id='word_1_464' title='bbox 1215 4266 1353 4338; x_wconf 85' lang='lat' dir='ltr'>Ejusmodi</span> <span class='ocrx_word' id='word_1_465' title='bbox 1366 4264 1535 4341; x_wconf 76' lang='lat' dir='ltr'>magistratus</span> <span class='ocrx_word' id='word_1_466' title='bbox 1548 4279 1601 4321; x_wconf 90' lang='lat' dir='ltr'>non</span> <span class='ocrx_word' id='word_1_467' title='bbox 1614 4266 1726 4336; x_wconf 85' lang='lat' dir='ltr'>pecunia</span> <span class='ocrx_word' id='word_1_468' title='bbox 1741 4262 1851 4320; x_wconf 85' lang='lat' dir='ltr'>renaies</span> <span class='ocrx_word' id='word_1_469' title='bbox 1863 4276 1922 4333; x_wconf 82' lang='lat' dir='ltr'>pro</span> 
     </span>
     <span class='ocr_line' id='line_1_39' title="bbox 290 4339 1923 4430; baseline 0.007 -34"><span class='ocrx_word' id='word_1_470' title='bbox 290 4339 367 4411; x_wconf 82' lang='lat' dir='ltr'>pieria</span> <span class='ocrx_word' id='word_1_471' title='bbox 381 4352 444 4399; x_wconf 85' lang='lat' dir='ltr'>sunt</span> <span class='ocrx_word' id='word_1_472' title='bbox 455 4358 490 4402; x_wconf 88' lang='lat' dir='ltr'>ao</span> <span class='ocrx_word' id='word_1_473' title='bbox 507 4346 593 4408; x_wconf 81' lang='lat' dir='ltr'>turbis</span> <span class='ocrx_word' id='word_1_474' title='bbox 605 4350 754 4409; x_wconf 88' lang='lat' dir='ltr'>redundant</span> <span class='ocrx_word' id='word_1_475' title='bbox 768 4373 775 4411; x_wconf 75' lang='grc' dir='ltr'>ι</span> <span class='ocrx_word' id='word_1_476' title='bbox 789 4356 833 4412; x_wconf 88' lang='lat' dir='ltr'>bie</span> <span class='ocrx_word' id='word_1_477' title='bbox 844 4372 908 4413; x_wconf 80' lang='lat' dir='ltr'>sero</span> <span class='ocrx_word' id='word_1_478' title='bbox 929 4358 994 4417; x_wconf 92' lang='lat' dir='ltr'>nibii</span> <span class='ocrx_word' id='word_1_479' title='bbox 1009 4361 1079 4430; x_wconf 89' lang='lat' dir='ltr'>talo;</span> <span class='ocrx_word' id='word_1_480' title='bbox 1134 4365 1215 4427; x_wconf 80' lang='lat' dir='ltr'>stent,</span> <span class='ocrx_word' id='word_1_481' title='bbox 1230 4373 1317 4429; x_wconf 87' lang='lat' dir='ltr'>neque</span> <span class='ocrx_word' id='word_1_482' title='bbox 1335 4357 1485 4413; x_wconf 85' lang='lat' dir='ltr'>invidorum</span> <span class='ocrx_word' id='word_1_483' title='bbox 1502 4364 1595 4427; x_wconf 85' lang='lat' dir='ltr'>putent</span> <span class='ocrx_word' id='word_1_484' title='bbox 1614 4356 1766 4412; x_wconf 89' lang='lat' dir='ltr'>ineursibus</span> <span class='ocrx_word' id='word_1_485' title='bbox 1777 4374 1785 4411; x_wconf 75' lang='grc' dir='ltr'><strong>ε</strong></span> <span class='ocrx_word' id='word_1_486' title='bbox 1798 4354 1869 4410; x_wconf 88' lang='lat' dir='ltr'>bone</span> <span class='ocrx_word' id='word_1_487' title='bbox 1880 4368 1923 4408; x_wconf 88' lang='lat' dir='ltr'>ae-</span> 
     </span>
     <span class='ocr_line' id='line_1_40' title="bbox 288 4432 1920 4520; baseline 0.005 -27"><span class='ocrx_word' id='word_1_488' title='bbox 288 4432 512 4511; x_wconf 76' lang='lat' dir='ltr'>todetseonritas</span> <span class='ocrx_word' id='word_1_489' title='bbox 521 4438 618 4510; x_wconf 91' lang='lat' dir='ltr'>bmnis,</span> <span class='ocrx_word' id='word_1_490' title='bbox 631 4452 658 4500; x_wconf 93' lang='lat' dir='ltr'>et</span> <span class='ocrx_word' id='word_1_491' title='bbox 670 4443 756 4502; x_wconf 90' lang='lat' dir='ltr'>bonor</span> <span class='ocrx_word' id='word_1_492' title='bbox 768 4462 783 4502; x_wconf 91' lang='lat' dir='ltr'>a</span> <span class='ocrx_word' id='word_1_493' title='bbox 797 4446 880 4503; x_wconf 87' lang='lat' dir='ltr'>turbis</span> <span class='ocrx_word' id='word_1_494' title='bbox 893 4448 1016 4508; x_wconf 87' lang='lat' dir='ltr'>immunis</span> <span class='ocrx_word' id='word_1_495' title='bbox 1026 4462 1079 4520; x_wconf 89' lang='lat' dir='ltr'>est,</span> <span class='ocrx_word' id='word_1_496' title='bbox 1133 4449 1265 4504; x_wconf 87' lang='lat' dir='ltr'>cusatoris</span> <span class='ocrx_word' id='word_1_497' title='bbox 1279 4449 1367 4518; x_wconf 87' lang='lat' dir='ltr'>iiugua</span> <span class='ocrx_word' id='word_1_498' title='bbox 1384 4463 1438 4504; x_wconf 92' lang='lat' dir='ltr'>non</span> <span class='ocrx_word' id='word_1_499' title='bbox 1461 4449 1553 4513; x_wconf 86' lang='lat' dir='ltr'>novit,</span> <span class='ocrx_word' id='word_1_500' title='bbox 1575 4460 1626 4503; x_wconf 91' lang='lat' dir='ltr'>nee</span> <span class='ocrx_word' id='word_1_501' title='bbox 1645 4446 1739 4503; x_wconf 87' lang='lat' dir='ltr'>oeuius</span> <span class='ocrx_word' id='word_1_502' title='bbox 1752 4444 1920 4510; x_wconf 84' lang='lat' dir='ltr'>invidorum,</span> 
     </span>
     <span class='ocr_line' id='line_1_41' title="bbox 287 4528 1922 4621; baseline 0.007 -39"><span class='ocrx_word' id='word_1_503' title='bbox 287 4532 317 4582; x_wconf 87' lang='lat' dir='ltr'>et</span> <span class='ocrx_word' id='word_1_504' title='bbox 326 4528 494 4600; x_wconf 84' lang='lat' dir='ltr'>magistratus</span> <span class='ocrx_word' id='word_1_505' title='bbox 503 4533 548 4603; x_wconf 76' lang='lat' dir='ltr'>gui</span> <span class='ocrx_word' id='word_1_506' title='bbox 562 4550 707 4621; x_wconf 77' lang='lat' dir='ltr'>numquam</span> <span class='ocrx_word' id='word_1_507' title='bbox 719 4538 857 4607; x_wconf 77' lang='lat' dir='ltr'>liniuntur,</span> <span class='ocrx_word' id='word_1_508' title='bbox 867 4556 918 4597; x_wconf 88' lang='lat' dir='ltr'>neo</span> <span class='ocrx_word' id='word_1_509' title='bbox 927 4542 983 4613; x_wconf 85' lang='lat' dir='ltr'>ipsa</span> <span class='ocrx_word' id='word_1_510' title='bbox 993 4554 1081 4602; x_wconf 89' lang='lat' dir='ltr'>morte</span> <span class='ocrx_word' id='word_1_511' title='bbox 1132 4555 1221 4613; x_wconf 84' lang='lat' dir='ltr'>neque</span> <span class='ocrx_word' id='word_1_512' title='bbox 1235 4540 1419 4615; x_wconf 85' lang='lat' dir='ltr'>insidiatorum</span> <span class='ocrx_word' id='word_1_513' title='bbox 1434 4540 1576 4607; x_wconf 77' lang='lat' dir='ltr'>maehina,</span> <span class='ocrx_word' id='word_1_514' title='bbox 1592 4539 1640 4596; x_wconf 90' lang='lat' dir='ltr'>sed</span> <span class='ocrx_word' id='word_1_515' title='bbox 1655 4549 1789 4609; x_wconf 80' lang='lat' dir='ltr'>tamquam</span> <span class='ocrx_word' id='word_1_516' title='bbox 1801 4539 1829 4593; x_wconf 90' lang='lat' dir='ltr'>in</span> <span class='ocrx_word' id='word_1_517' title='bbox 1843 4538 1922 4593; x_wconf 83' lang='lat' dir='ltr'>inrio-</span> 
     </span>
     <span class='ocr_line' id='line_1_42' title="bbox 232 4615 1921 4704; baseline -0.002 -17"><span class='ocrx_word' id='word_1_518' title='bbox 232 4680 234 4687; x_wconf 25' lang='grc' dir='ltr'>ι</span> <span class='ocrx_word' id='word_1_519' title='bbox 280 4615 649 4693; x_wconf 82' lang='lat' dir='ltr'>·iuterrumpuntur,sedtum</span> <span class='ocrx_word' id='word_1_520' title='bbox 662 4628 790 4700; x_wconf 83' lang='lat' dir='ltr'>temporis</span> <span class='ocrx_word' id='word_1_521' title='bbox 805 4631 915 4689; x_wconf 86' lang='lat' dir='ltr'>tutiores</span> <span class='ocrx_word' id='word_1_522' title='bbox 926 4632 1000 4690; x_wconf 83' lang='lat' dir='ltr'>fiunt.</span> <span class='ocrx_word' id='word_1_523' title='bbox 1011 4634 1080 4692; x_wconf 86' lang='lat' dir='ltr'>Noto</span> <span class='ocrx_word' id='word_1_524' title='bbox 1133 4624 1332 4704; x_wconf 83' lang='lat' dir='ltr'>iabiir&#39;qnodam</span> <span class='ocrx_word' id='word_1_525' title='bbox 1348 4630 1807 4702; x_wconf 78' lang='lat' dir='ltr'>pbilosopbieoomieitioresioens</span> <span class='ocrx_word' id='word_1_526' title='bbox 1821 4642 1921 4701; x_wconf 87' lang='lat' dir='ltr'>perma-</span> 
     </span>
     <span class='ocr_line' id='line_1_43' title="bbox 229 4710 1919 4803; baseline 0.005 -36"><span class='ocrx_word' id='word_1_527' title='bbox 229 4750 231 4753; x_wconf 90' lang='lat'>-</span> <span class='ocrx_word' id='word_1_528' title='bbox 280 4710 358 4768; x_wconf 77' lang='lat' dir='ltr'>enim</span> <span class='ocrx_word' id='word_1_529' title='bbox 373 4712 438 4771; x_wconf 87' lang='lat' dir='ltr'>mibi</span> <span class='ocrx_word' id='word_1_530' title='bbox 448 4729 644 4775; x_wconf 76' lang='lat' dir='ltr'>commemores</span> <span class='ocrx_word' id='word_1_531' title='bbox 656 4734 717 4776; x_wconf 91' lang='lat' dir='ltr'>eum</span> <span class='ocrx_word' id='word_1_532' title='bbox 728 4720 773 4793; x_wconf 86' lang='lat' dir='ltr'>qui</span> <span class='ocrx_word' id='word_1_533' title='bbox 788 4721 880 4779; x_wconf 89' lang='lat' dir='ltr'>sedent</span> <span class='ocrx_word' id='word_1_534' title='bbox 897 4724 1023 4794; x_wconf 81' lang='lat' dir='ltr'>incurro.</span> <span class='ocrx_word' id='word_1_535' title='bbox 1039 4742 1080 4783; x_wconf 90' lang='lat' dir='ltr'>su·</span> <span class='ocrx_word' id='word_1_536' title='bbox 1133 4735 1180 4785; x_wconf 89' lang='lat' dir='ltr'>net</span> <span class='ocrx_word' id='word_1_537' title='bbox 1201 4739 1308 4796; x_wconf 84' lang='lat' dir='ltr'>semper</span> <span class='ocrx_word' id='word_1_538' title='bbox 1328 4723 1463 4803; x_wconf 85' lang='lat' dir='ltr'>inrietus,</span> <span class='ocrx_word' id='word_1_539' title='bbox 1484 4731 1690 4795; x_wconf 85' lang='lat' dir='ltr'>nequetantum</span> <span class='ocrx_word' id='word_1_540' title='bbox 1703 4720 1816 4784; x_wconf 78' lang='lat' dir='ltr'>mteris,</span> <span class='ocrx_word' id='word_1_541' title='bbox 1834 4734 1919 4777; x_wconf 82' lang='lat' dir='ltr'>rerunt</span> 
     </span>
     <span class='ocr_line' id='line_1_44' title="bbox 279 4802 1811 4888; baseline 0.008 -32"><span class='ocrx_word' id='word_1_542' title='bbox 279 4802 395 4871; x_wconf 82' lang='lat' dir='ltr'>-pereitia</span> <span class='ocrx_word' id='word_1_543' title='bbox 408 4804 522 4875; x_wconf 74' lang='lat' dir='ltr'>attonat,</span> <span class='ocrx_word' id='word_1_544' title='bbox 535 4808 672 4880; x_wconf 67' lang='lat' dir='ltr'>multoque</span> <span class='ocrx_word' id='word_1_545' title='bbox 686 4811 722 4867; x_wconf 90' lang='lat' dir='ltr'>sit</span> <span class='ocrx_word' id='word_1_546' title='bbox 730 4812 856 4870; x_wconf 88' lang='lat' dir='ltr'>sateiiitio</span> <span class='ocrx_word' id='word_1_547' title='bbox 862 4814 975 4882; x_wconf 83' lang='lat' dir='ltr'>cinctus,</span> <span class='ocrx_word' id='word_1_548' title='bbox 989 4832 1077 4888; x_wconf 81' lang='lat' dir='ltr'>neque</span> <span class='ocrx_word' id='word_1_549' title='bbox 1133 4814 1306 4875; x_wconf 83' lang='lat' dir='ltr'>adversarum</span> <span class='ocrx_word' id='word_1_550' title='bbox 1319 4817 1437 4884; x_wconf 82' lang='lat' dir='ltr'>ossibus,</span> <span class='ocrx_word' id='word_1_551' title='bbox 1450 4814 1500 4872; x_wconf 89' lang='lat' dir='ltr'>sed</span> <span class='ocrx_word' id='word_1_552' title='bbox 1511 4816 1622 4886; x_wconf 84' lang='lat' dir='ltr'>nosipsi</span> <span class='ocrx_word' id='word_1_553' title='bbox 1635 4814 1715 4871; x_wconf 89' lang='lat' dir='ltr'>morti</span> <span class='ocrx_word' id='word_1_554' title='bbox 1728 4814 1811 4870; x_wconf 77' lang='lat' dir='ltr'>cedit.</span> 
     </span>
    </p>

    <p class='ocr_par' dir='ltr' id='par_1_12' title="bbox 276 4890 1920 5345">
     <span class='ocr_line' id='line_1_45' title="bbox 276 4890 1920 4980; baseline 0.009 -36"><span class='ocrx_word' id='word_1_555' title='bbox 276 4890 422 4963; x_wconf 76' lang='lat' dir='ltr'>einguium</span> <span class='ocrx_word' id='word_1_556' title='bbox 436 4901 463 4950; x_wconf 90' lang='lat' dir='ltr'>et</span> <span class='ocrx_word' id='word_1_557' title='bbox 476 4910 569 4953; x_wconf 79' lang='lat' dir='ltr'>rosam</span> <span class='ocrx_word' id='word_1_558' title='bbox 582 4900 731 4969; x_wconf 77' lang='lat' dir='ltr'>praeconis:</span> <span class='ocrx_word' id='word_1_559' title='bbox 745 4902 808 4959; x_wconf 91' lang='lat' dir='ltr'>noio</span> <span class='ocrx_word' id='word_1_560' title='bbox 819 4903 883 4959; x_wconf 88' lang='lat' dir='ltr'>mibi</span> <span class='ocrx_word' id='word_1_561' title='bbox 893 4906 1076 4977; x_wconf 86' lang='lat' dir='ltr'>magistratum</span> <span class='ocrx_word' id='word_1_562' title='bbox 1168 4908 1313 4980; x_wconf 80' lang='lat' dir='ltr'>iiortpruot</span> <span class='ocrx_word' id='word_1_563' title='bbox 1325 4915 1435 4977; x_wconf 79' lang='lat' dir='ltr'>potestat</span> <span class='ocrx_word' id='word_1_564' title='bbox 1446 4914 1559 4977; x_wconf 56' lang='lat' dir='ltr'>quantu</span> <span class='ocrx_word' id='word_1_565' title='bbox 1573 4904 1718 4977; x_wconf 81' lang='lat' dir='ltr'>spiritaaier</span> <span class='ocrx_word' id='word_1_566' title='bbox 1730 4904 1826 4960; x_wconf 81' lang='lat' dir='ltr'>diuitiae</span> <span class='ocrx_word' id='word_1_567' title='bbox 1837 4902 1920 4959; x_wconf 80' lang='lat' dir='ltr'>distri·</span> 
     </span>
     <span class='ocr_line' id='line_1_46' title="bbox 286 4977 1920 5066; baseline 0.007 -30"><span class='ocrx_word' id='word_1_568' title='bbox 286 4977 349 5038; x_wconf 80' lang='lat' dir='ltr'>inde</span> <span class='ocrx_word' id='word_1_569' title='bbox 361 4982 485 5056; x_wconf 84' lang='lat' dir='ltr'>designes</span> <span class='ocrx_word' id='word_1_570' title='bbox 498 5004 506 5043; x_wconf 80' lang='lat' dir='ltr'>t</span> <span class='ocrx_word' id='word_1_571' title='bbox 521 4988 569 5044; x_wconf 89' lang='lat' dir='ltr'>sed</span> <span class='ocrx_word' id='word_1_572' title='bbox 591 4989 627 5045; x_wconf 91' lang='lat' dir='ltr'>ab</span> <span class='ocrx_word' id='word_1_573' title='bbox 643 4990 725 5048; x_wconf 89' lang='lat' dir='ltr'>animi</span> <span class='ocrx_word' id='word_1_574' title='bbox 743 5001 824 5063; x_wconf 88' lang='lat' dir='ltr'>statu,</span> <span class='ocrx_word' id='word_1_575' title='bbox 835 4996 858 5052; x_wconf 88' lang='lat' dir='ltr'>si</span> <span class='ocrx_word' id='word_1_576' title='bbox 870 4996 1010 5066; x_wconf 72' lang='lat' dir='ltr'>aflectibus</span> <span class='ocrx_word' id='word_1_577' title='bbox 1027 5000 1078 5057; x_wconf 91' lang='lat' dir='ltr'>im·</span> <span class='ocrx_word' id='word_1_578' title='bbox 1131 5002 1234 5057; x_wconf 81' lang='lat' dir='ltr'>batione</span> <span class='ocrx_word' id='word_1_579' title='bbox 1252 5008 1366 5055; x_wconf 81' lang='lat' dir='ltr'>meseum</span> <span class='ocrx_word' id='word_1_580' title='bbox 1376 5016 1388 5066; x_wconf 92' lang='lat'>,·</span> <span class='ocrx_word' id='word_1_581' title='bbox 1407 5014 1453 5053; x_wconf 85' lang='lat' dir='ltr'>cur</span> <span class='ocrx_word' id='word_1_582' title='bbox 1471 4998 1582 5053; x_wconf 80' lang='lat' dir='ltr'>eoduma</span> <span class='ocrx_word' id='word_1_583' title='bbox 1594 4991 1699 5053; x_wconf 74' lang='lat' dir='ltr'>essere·</span> <span class='ocrx_word' id='word_1_584' title='bbox 1710 4996 1769 5052; x_wconf 78' lang='lat' dir='ltr'>rito</span> <span class='ocrx_word' id='word_1_585' title='bbox 1781 4996 1861 5066; x_wconf 78' lang='lat' dir='ltr'>bajas</span> <span class='ocrx_word' id='word_1_586' title='bbox 1879 5009 1920 5049; x_wconf 78' lang='lat' dir='ltr'>oo</span> 
     </span>
     <span class='ocr_line' id='line_1_47' title="bbox 286 5073 1920 5164; baseline 0.008 -36"><span class='ocrx_word' id='word_1_587' title='bbox 286 5080 372 5140; x_wconf 77' lang='lat' dir='ltr'>perot,</span> <span class='ocrx_word' id='word_1_588' title='bbox 387 5073 410 5130; x_wconf 82' lang='lat' dir='ltr'>si</span> <span class='ocrx_word' id='word_1_589' title='bbox 427 5075 489 5133; x_wconf 83' lang='lat' dir='ltr'>vitia</span> <span class='ocrx_word' id='word_1_590' title='bbox 508 5076 623 5150; x_wconf 83' lang='lat' dir='ltr'>subigat,</span> <span class='ocrx_word' id='word_1_591' title='bbox 638 5080 770 5151; x_wconf 80' lang='lat' dir='ltr'>uidelicet,</span> <span class='ocrx_word' id='word_1_592' title='bbox 794 5085 817 5141; x_wconf 92' lang='lat' dir='ltr'>si</span> <span class='ocrx_word' id='word_1_593' title='bbox 837 5086 988 5146; x_wconf 75' lang='lat' dir='ltr'>diuitiarum</span> <span class='ocrx_word' id='word_1_594' title='bbox 1006 5090 1078 5161; x_wconf 82' lang='lat' dir='ltr'>eupi-</span> <span class='ocrx_word' id='word_1_595' title='bbox 1132 5090 1290 5157; x_wconf 61' lang='lat' dir='ltr'>interimitur</span> <span class='ocrx_word' id='word_1_596' title='bbox 1301 5110 1310 5159; x_wconf 91' lang='grc'>,·</span> <span class='ocrx_word' id='word_1_597' title='bbox 1321 5091 1438 5164; x_wconf 75' lang='lat' dir='ltr'>angelico</span> <span class='ocrx_word' id='word_1_598' title='bbox 1451 5100 1489 5147; x_wconf 80' lang='lat' dir='ltr'>ert</span> <span class='ocrx_word' id='word_1_599' title='bbox 1501 5091 1553 5147; x_wconf 87' lang='lat' dir='ltr'>uita</span> <span class='ocrx_word' id='word_1_600' title='bbox 1565 5090 1716 5162; x_wconf 64' lang='lat' dir='ltr'>megetiam</span> <span class='ocrx_word' id='word_1_601' title='bbox 1729 5083 1920 5145; x_wconf 80' lang='lat' dir='ltr'>-osreuount</span> 
     </span>
     <span class='ocr_line' id='line_1_48' title="bbox 285 5160 1917 5256; baseline 0.013 -40"><span class='ocrx_word' id='word_1_602' title='bbox 285 5160 361 5220; x_wconf 83' lang='lat' dir='ltr'>ditati</span> <span class='ocrx_word' id='word_1_603' title='bbox 374 5164 537 5239; x_wconf 84' lang='lat' dir='ltr'>dominetur,</span> <span class='ocrx_word' id='word_1_604' title='bbox 557 5170 580 5228; x_wconf 91' lang='lat' dir='ltr'>si</span> <span class='ocrx_word' id='word_1_605' title='bbox 597 5186 739 5245; x_wconf 82' lang='lat' dir='ltr'>corporum</span> <span class='ocrx_word' id='word_1_606' title='bbox 759 5176 945 5248; x_wconf 84' lang='lat' dir='ltr'>inexpiabiiem</span> <span class='ocrx_word' id='word_1_607' title='bbox 957 5194 1077 5239; x_wconf 88' lang='lat' dir='ltr'>amorem</span> <span class='ocrx_word' id='word_1_608' title='bbox 1131 5185 1182 5241; x_wconf 88' lang='lat' dir='ltr'>boo</span> <span class='ocrx_word' id='word_1_609' title='bbox 1191 5193 1334 5256; x_wconf 80' lang='lat' dir='ltr'>martyres,</span> <span class='ocrx_word' id='word_1_610' title='bbox 1346 5176 1459 5255; x_wconf 78' lang='lat' dir='ltr'>onorem</span> <span class='ocrx_word' id='word_1_611' title='bbox 1469 5191 1583 5254; x_wconf 81' lang='lat' dir='ltr'>corpora</span> <span class='ocrx_word' id='word_1_612' title='bbox 1593 5180 1840 5254; x_wconf 79' lang='lat' dir='ltr'>quidemdissoiuta</span> <span class='ocrx_word' id='word_1_613' title='bbox 1850 5186 1917 5236; x_wconf 70' lang='lat' dir='ltr'>sunt,</span> 
     </span>
     <span class='ocr_line' id='line_1_49' title="bbox 284 5252 1918 5345; baseline 0.009 -34"><span class='ocrx_word' id='word_1_614' title='bbox 284 5252 431 5326; x_wconf 84' lang='lat' dir='ltr'>subegerit,</span> <span class='ocrx_word' id='word_1_615' title='bbox 438 5257 462 5313; x_wconf 88' lang='lat' dir='ltr'>si</span> <span class='ocrx_word' id='word_1_616' title='bbox 475 5272 528 5317; x_wconf 86' lang='lat' dir='ltr'>noo</span> <span class='ocrx_word' id='word_1_617' title='bbox 541 5259 640 5320; x_wconf 85' lang='lat' dir='ltr'>invidia</span> <span class='ocrx_word' id='word_1_618' title='bbox 651 5263 809 5333; x_wconf 88' lang='lat' dir='ltr'>tabeseut,si</span> <span class='ocrx_word' id='word_1_619' title='bbox 820 5283 873 5327; x_wconf 90' lang='lat' dir='ltr'>non</span> <span class='ocrx_word' id='word_1_620' title='bbox 887 5268 973 5328; x_wconf 88' lang='lat' dir='ltr'>inanis</span> <span class='ocrx_word' id='word_1_621' title='bbox 985 5270 1076 5340; x_wconf 83' lang='lat' dir='ltr'>giorim</span> <span class='ocrx_word' id='word_1_622' title='bbox 1130 5281 1158 5331; x_wconf 89' lang='lat' dir='ltr'>et</span> <span class='ocrx_word' id='word_1_623' title='bbox 1170 5274 1197 5329; x_wconf 91' lang='lat' dir='ltr'>in</span> <span class='ocrx_word' id='word_1_624' title='bbox 1211 5274 1348 5345; x_wconf 82' lang='lat' dir='ltr'>pulverem</span> <span class='ocrx_word' id='word_1_625' title='bbox 1359 5275 1532 5345; x_wconf 81' lang='lat' dir='ltr'>cineremque</span> <span class='ocrx_word' id='word_1_626' title='bbox 1545 5272 1655 5329; x_wconf 81' lang='lat' dir='ltr'>redacta</span> <span class='ocrx_word' id='word_1_627' title='bbox 1670 5288 1677 5325; x_wconf 92' lang='lat'>:</span> <span class='ocrx_word' id='word_1_628' title='bbox 1690 5272 1918 5343; x_wconf 68' lang='lat' dir='ltr'>magistratusue</span> 
     </span>
    </p>
   </div>
   <div class='ocr_carea' id='block_1_11' title="bbox 285 5342 2004 5448">
    <p class='ocr_par' dir='ltr' id='par_1_13' title="bbox 285 5342 2004 5448">
     <span class='ocr_line' id='line_1_50' title="bbox 285 5342 2004 5448; baseline 0.013 -50"><span class='ocrx_word' id='word_1_629' title='bbox 285 5342 486 5410; x_wconf 84' lang='lat' dir='ltr'>perturbatione</span> <span class='ocrx_word' id='word_1_630' title='bbox 504 5349 677 5419; x_wconf 81' lang='lat' dir='ltr'>distrahatur,</span> <span class='ocrx_word' id='word_1_631' title='bbox 700 5354 723 5411; x_wconf 91' lang='lat' dir='ltr'>si</span> <span class='ocrx_word' id='word_1_632' title='bbox 742 5366 888 5427; x_wconf 88' lang='lat' dir='ltr'>egestatem</span> <span class='ocrx_word' id='word_1_633' title='bbox 908 5374 962 5415; x_wconf 89' lang='lat' dir='ltr'>non</span> <span class='ocrx_word' id='word_1_634' title='bbox 975 5366 1077 5424; x_wconf 81' lang='lat' dir='ltr'>paetuat</span> <span class='ocrx_word' id='word_1_635' title='bbox 1131 5377 1185 5425; x_wconf 88' lang='lat' dir='ltr'>tem</span> <span class='ocrx_word' id='word_1_636' title='bbox 1202 5382 1234 5424; x_wconf 80' lang='lat' dir='ltr'>oo</span> <span class='ocrx_word' id='word_1_637' title='bbox 1247 5366 1413 5438; x_wconf 82' lang='lat' dir='ltr'>principatus</span> <span class='ocrx_word' id='word_1_638' title='bbox 1426 5366 1546 5440; x_wconf 86' lang='lat' dir='ltr'>quotidie</span> <span class='ocrx_word' id='word_1_639' title='bbox 1558 5365 1640 5432; x_wconf 81' lang='lat' dir='ltr'>risit,</span> <span class='ocrx_word' id='word_1_640' title='bbox 1662 5373 1690 5420; x_wconf 88' lang='lat' dir='ltr'>et</span> <span class='ocrx_word' id='word_1_641' title='bbox 1703 5372 1848 5434; x_wconf 88' lang='lat' dir='ltr'>operatur,</span> <span class='ocrx_word' id='word_1_642' title='bbox 1859 5363 1917 5418; x_wconf 89' lang='lat' dir='ltr'>dum</span> <span class='ocrx_word' id='word_1_643' title='bbox 2003 5435 2004 5448; x_wconf 10' lang='grc' dir='ltr'>χ</span> 
     </span>
    </p>
   </div>
   <div class='ocr_carea' id='block_1_12' title="bbox 284 5438 1916 5722">
    <p class='ocr_par' dir='ltr' id='par_1_14' title="bbox 284 5438 1916 5722">
     <span class='ocr_line' id='line_1_51' title="bbox 284 5438 1916 5530; baseline 0.006 -29"><span class='ocrx_word' id='word_1_644' title='bbox 284 5439 312 5485; x_wconf 72' lang='lat'>²²</span> <span class='ocrx_word' id='word_1_645' title='bbox 324 5440 429 5503; x_wconf 65' lang='lat' dir='ltr'>*mitt</span> <span class='ocrx_word' id='word_1_646' title='bbox 443 5438 467 5494; x_wconf 84' lang='lat' dir='ltr'>si</span> <span class='ocrx_word' id='word_1_647' title='bbox 481 5454 534 5495; x_wconf 83' lang='lat' dir='ltr'>nou</span> <span class='ocrx_word' id='word_1_648' title='bbox 555 5440 718 5515; x_wconf 76' lang='lat' dir='ltr'>inderemus</span> <span class='ocrx_word' id='word_1_649' title='bbox 737 5450 922 5516; x_wconf 80' lang='lat' dir='ltr'>maurianen,</span> <span class='ocrx_word' id='word_1_650' title='bbox 938 5450 961 5505; x_wconf 82' lang='lat' dir='ltr'>si</span> <span class='ocrx_word' id='word_1_651' title='bbox 975 5450 1027 5507; x_wconf 82' lang='lat' dir='ltr'>noe</span> <span class='ocrx_word' id='word_1_652' title='bbox 1041 5452 1075 5507; x_wconf 83' lang='lat' dir='ltr'>ti-</span> <span class='ocrx_word' id='word_1_653' title='bbox 1129 5460 1265 5517; x_wconf 79' lang='lat' dir='ltr'>‹taemnnes</span> <span class='ocrx_word' id='word_1_654' title='bbox 1276 5459 1373 5530; x_wconf 83' lang='lat' dir='ltr'>abigit,</span> <span class='ocrx_word' id='word_1_655' title='bbox 1393 5468 1421 5516; x_wconf 81' lang='lat' dir='ltr'>et</span> <span class='ocrx_word' id='word_1_656' title='bbox 1434 5460 1544 5515; x_wconf 80' lang='lat' dir='ltr'>nroroos</span> <span class='ocrx_word' id='word_1_657' title='bbox 1555 5458 1582 5513; x_wconf 87' lang='lat' dir='ltr'>io</span> <span class='ocrx_word' id='word_1_658' title='bbox 1597 5454 1686 5529; x_wconf 83' lang='lat' dir='ltr'>togam</span> <span class='ocrx_word' id='word_1_659' title='bbox 1698 5456 1916 5519; x_wconf 63' lang='lat' dir='ltr'>surrentinum</span> 
     </span>
     <span class='ocr_line' id='line_1_52' title="bbox 284 5528 1916 5622; baseline 0.021 -45"><span class='ocrx_word' id='word_1_660' title='bbox 284 5536 361 5579; x_wconf 85' lang='lat' dir='ltr'>more</span> <span class='ocrx_word' id='word_1_661' title='bbox 373 5540 426 5582; x_wconf 89' lang='lat' dir='ltr'>non</span> <span class='ocrx_word' id='word_1_662' title='bbox 438 5528 615 5588; x_wconf 85' lang='lat' dir='ltr'>exanimetur.</span> <span class='ocrx_word' id='word_1_663' title='bbox 630 5532 722 5590; x_wconf 88' lang='lat' dir='ltr'>&#39;iaiem</span> <span class='ocrx_word' id='word_1_664' title='bbox 738 5536 804 5596; x_wconf 87' lang='lat' dir='ltr'>mibi</span> <span class='ocrx_word' id='word_1_665' title='bbox 823 5538 1007 5608; x_wconf 85' lang='lat' dir='ltr'>magistratum</span> <span class='ocrx_word' id='word_1_666' title='bbox 1028 5552 1074 5597; x_wconf 88' lang='lat' dir='ltr'>os·</span> <span class='ocrx_word' id='word_1_667' title='bbox 1129 5549 1249 5622; x_wconf 86' lang='lat' dir='ltr'>integras</span> <span class='ocrx_word' id='word_1_668' title='bbox 1261 5548 1463 5617; x_wconf 84' lang='lat' dir='ltr'>urbesexeitat,</span> <span class='ocrx_word' id='word_1_669' title='bbox 1482 5559 1511 5605; x_wconf 93' lang='lat' dir='ltr'>et</span> <span class='ocrx_word' id='word_1_670' title='bbox 1524 5549 1635 5620; x_wconf 83' lang='lat' dir='ltr'>populas</span> <span class='ocrx_word' id='word_1_671' title='bbox 1650 5551 1676 5603; x_wconf 90' lang='lat' dir='ltr'>in</span> <span class='ocrx_word' id='word_1_672' title='bbox 1691 5546 1862 5603; x_wconf 73' lang='lat' dir='ltr'>baneiacam</span> <span class='ocrx_word' id='word_1_673' title='bbox 1874 5546 1916 5601; x_wconf 80' lang='lat' dir='ltr'>dr·</span> 
     </span>
     <span class='ocr_line' id='line_1_53' title="bbox 285 5614 1913 5722; baseline 0.018 -55"><span class='ocrx_word' id='word_1_674' title='bbox 285 5614 365 5670; x_wconf 83' lang='lat' dir='ltr'>tenta</span> <span class='ocrx_word' id='word_1_675' title='bbox 385 5616 458 5674; x_wconf 86' lang='lat' dir='ltr'>:boo</span> <span class='ocrx_word' id='word_1_676' title='bbox 478 5621 550 5677; x_wconf 87' lang='lat' dir='ltr'>enim</span> <span class='ocrx_word' id='word_1_677' title='bbox 569 5634 613 5681; x_wconf 87' lang='lat' dir='ltr'>est</span> <span class='ocrx_word' id='word_1_678' title='bbox 629 5638 722 5696; x_wconf 88' lang='lat' dir='ltr'>gerere</span> <span class='ocrx_word' id='word_1_679' title='bbox 743 5626 937 5699; x_wconf 82' lang='lat' dir='ltr'>nragiatmium·</span> <span class='ocrx_word' id='word_1_680' title='bbox 959 5630 1034 5697; x_wconf 83' lang='lat' dir='ltr'>Quod</span> <span class='ocrx_word' id='word_1_681' title='bbox 1050 5633 1076 5722; x_wconf 66' lang='lat' dir='ltr'>si</span> <span class='ocrx_word' id='word_1_682' title='bbox 1128 5642 1211 5699; x_wconf 84' lang='lat' dir='ltr'>ducit.</span> <span class='ocrx_word' id='word_1_683' title='bbox 1226 5641 1311 5700; x_wconf 79' lang='lat' dir='ltr'>Tanta</span> <span class='ocrx_word' id='word_1_684' title='bbox 1325 5643 1495 5715; x_wconf 85' lang='lat' dir='ltr'>magistratus</span> <span class='ocrx_word' id='word_1_685' title='bbox 1507 5652 1532 5699; x_wconf 91' lang='lat' dir='ltr'>et</span> <span class='ocrx_word' id='word_1_686' title='bbox 1554 5641 1659 5712; x_wconf 88' lang='lat' dir='ltr'>imperii</span> <span class='ocrx_word' id='word_1_687' title='bbox 1674 5640 1752 5697; x_wconf 86' lang='lat' dir='ltr'>istius</span> <span class='ocrx_word' id='word_1_688' title='bbox 1765 5648 1807 5697; x_wconf 87' lang='lat' dir='ltr'>est</span> <span class='ocrx_word' id='word_1_689' title='bbox 1820 5640 1913 5696; x_wconf 78' lang='lat' dir='ltr'>virtu.</span> 
     </span>
    </p>
   </div>
   <div class='ocr_carea' id='block_1_13' title="bbox 315 5724 2002 5809">
    <p class='ocr_par' dir='ltr' id='par_1_15' title="bbox 315 5724 2002 5809">
     <span class='ocr_line' id='line_1_54' title="bbox 315 5724 2002 5809; baseline 0.003 -24"><span class='ocrx_word' id='word_1_690' title='bbox 315 5724 353 5789; x_wconf 80' lang='lat' dir='ltr'>(a)</span> <span class='ocrx_word' id='word_1_691' title='bbox 368 5726 454 5783; x_wconf 78' lang='lat' dir='ltr'>uotiua</span> <span class='ocrx_word' id='word_1_692' title='bbox 465 5746 521 5785; x_wconf 80' lang='lat' dir='ltr'>erm</span> <span class='ocrx_word' id='word_1_693' title='bbox 531 5742 585 5789; x_wconf 77' lang='lat' dir='ltr'>aas.</span> <span class='ocrx_word' id='word_1_694' title='bbox 598 5744 656 5803; x_wconf 82' lang='lat' dir='ltr'>neg.</span> <span class='ocrx_word' id='word_1_695' title='bbox 670 5738 738 5803; x_wconf 82' lang='lat' dir='ltr'>tots,</span> <span class='ocrx_word' id='word_1_696' title='bbox 753 5744 779 5791; x_wconf 86' lang='lat' dir='ltr'>et</span> <span class='ocrx_word' id='word_1_697' title='bbox 790 5738 855 5793; x_wconf 85' lang='lat' dir='ltr'>coto.</span> <span class='ocrx_word' id='word_1_698' title='bbox 868 5740 939 5793; x_wconf 75' lang='lat' dir='ltr'>butu.</span> <span class='ocrx_word' id='word_1_699' title='bbox 1129 5749 1184 5793; x_wconf 91' lang='lat' dir='ltr'>non</span> <span class='ocrx_word' id='word_1_700' title='bbox 1196 5737 1316 5795; x_wconf 83' lang='lat' dir='ltr'>urorum</span> <span class='ocrx_word' id='word_1_701' title='bbox 1328 5743 1430 5794; x_wconf 87' lang='lat' dir='ltr'>tantum</span> <span class='ocrx_word' id='word_1_702' title='bbox 1448 5735 1608 5809; x_wconf 77' lang='lat' dir='ltr'>principum,</span> <span class='ocrx_word' id='word_1_703' title='bbox 1630 5730 1773 5792; x_wconf 87' lang='lat' dir='ltr'>sedetiam</span> <span class='ocrx_word' id='word_1_704' title='bbox 1789 5731 1843 5790; x_wconf 82' lang='lat' dir='ltr'>sita</span> <span class='ocrx_word' id='word_1_705' title='bbox 1856 5729 1914 5787; x_wconf 83' lang='lat' dir='ltr'>iun·</span> <span class='ocrx_word' id='word_1_706' title='bbox 2001 5785 2002 5790; x_wconf 73' lang='grc'>,</span> 
     </span>
    </p>
   </div>
   <div class='ocr_carea' id='block_1_14' title="bbox 0 0 2076 6342">
    <p class='ocr_par' dir='ltr' id='par_1_16' title="bbox 0 0 2076 6342">
     <span class='ocr_line' id='line_1_55' title="bbox 0 0 2076 6342; baseline 0 3"><span class='ocrx_word' id='word_1_707' title='bbox 0 0 2076 6342; x_wconf 95' lang='lat' dir='ltr'> </span> 
     </span>
    </p>
   </div>
  </div>
 </body>
</html>
