4142 6342
197 368 229 428 at
511 365 513 370 ·
561 367 591 424 s.
612 357 752 422 aunuuvs
769 338 1015 415 bvtnrsdsvout
1035 336 1196 407 lacuum.
1215 333 1482 405 construamur.
1815 339 1852 402 aa

198 487 225 544 in
240 467 360 544 naditaie
372 471 504 559 degebant
518 475 726 554 ,prophetarum
740 518 747 546 ,
762 471 971 546 patriarcharum
985 511 993 541 ,
1011 467 1014 474 '

198 582 331 654 justorum
346 596 354 640 a
368 581 396 638 et
410 573 503 636 omnes
516 576 589 649 ipsus
601 573 721 630 invenies
734 585 788 626 non
801 569 835 625 de
850 566 993 631 divitibus,

200 691 253 732 auu
266 676 300 735 de
311 672 505 748 gaudentibus,
520 668 567 726 seil
581 669 614 725 de
628 665 787 739 egentibus,
803 660 953 726 tribulatis,
969 666 997 714 et

202 769 441 848 angustiatlsesse.
670 809 672 812 .
723 754 726 758 ’

236 859 281 919 ll.
300 855 364 917 linc
382 855 451 930 apud
471 855 584 926 teipsum
605 850 752 923 colligens,
769 847 882 904 humina
895 842 996 917 gratias

151 980 156 993 ι
199 967 248 1026 age
263 995 271 1022 ,
287 953 358 1025 ahod
374 960 400 1008 t'e
412 949 491 1020 huius
506 945 567 1004 iecit
581 945 680 1011 sortis,
696 937 750 998 nan
763 954 862 997 exosus
873 980 880 1004 ,
891 936 948 994 'sed
969 942 996 994 ct

199 1043 276 1101 valde
290 1042 402 1116 diligens
417 1056 423 1097 r
438 1053 500 1097 nam
520 1049 548 1096 ct
566 1039 627 1096 illus
640 1045 680 1093 tat
693 1033 783 1108 gravia
798 1032 850 1104 pati
865 1047 917 1086 aaut
931 1045 995 1100 per-

197 1132 333 1204 misisset,
350 1132 402 1192 ulsl
416 1134 591 1192 vehementer
602 1138 738 1198 amasset,
754 1127 879 1200 quostiam
897 1125 995 1180 clariu-

196 1247 240 1288 rcs
255 1229 326 1302 ipsos
339 1227 387 1302 per
401 1231 458 1286 iaaac
477 1228 547 1284 mala
565 1223 703 1284 reddebat.
724 1221 830 1278 Nullum
849 1217 995 1290 gratiarum

197 1327 296 1384 actioni
312 1343 359 1397 par
371 1323 470 1382 honum
484 1339 492 1392 ;
506 1318 730 1395 quemadmodum
743 1313 909 1386 blasphemia
920 1310 995 1383 pejus

198 1418 277 1475 nituit.
301 1417 342 1474 Ne
363 1415 546 1493 admiremur,
570 1409 642 1484 duod
662 1406 844 1481 spiritualibus
865 1405 995 1460 instantes

197 1509 280 1566 multa
296 1510 428 1582 patiamur
440 1509 562 1565 advorsa.
578 1503 614 1564 ttr
635 1505 705 1560 euim
728 1501 866 1567 latrones,
882 1513 934 1554 nun
950 1497 995 1579 ubi

197 1603 299 1660 lurtum
312 1613 339 1660 ct
353 1601 436 1674 paleae
449 1609 477 1657 et
489 1600 608 1656 calamus
620 1638 628 1665 ,
640 1595 686 1652 sed
697 1593 743 1651 ubi
754 1607 848 1648 autrum
861 1601 887 1648 ct
898 1605 993 1661 argeu-

196 1695 253 1751 ta'm
267 1737 275 1764 ,
291 1693 328 1750 ihi
341 1695 445 1751 ludium
456 1701 484 1750 et
496 1689 603 1748 assidue
617 1687 727 1759 vigilant
741 1703 748 1741 ι
767 1685 806 1740 sic
825 1693 852 1738 et
872 1683 993 1739 diabulus

194 1785 228 1842 iis
242 1785 357 1842 maxime
369 1785 460 1853 instat,
473 1781 518 1854 qul
540 1779 688 1851 spiritualia
713 1776 846 1847 attingunt
867 1775 970 1845 negotia
984 1787 992 1841 ς

194 1876 232 1934 ibi
244 1877 334 1932 multas
347 1875 467 1943 insidiae,
479 1873 619 1931 abivimus
635 1891 642 1928 ι
658 1871 713 1928 illic
729 1869 825 1926 invidia
839 1911 846 1937 ,
861 1868 906 1923 tabi
919 1867 993 1922 eloe-

195 1985 317 2044 rnosyna.
333 1969 386 2027 Sed
400 1969 444 2028 es't
457 1969 534 2025 nabis
545 1967 627 2024 telum
639 1965 802 2032 maximum,
817 1963 888 2036 qvuod
899 1977 994 2018 omncs

196 2061 265 2118 tal'es
277 2061 416 2118 machinas
430 2059 561 2132 repellere
576 2059 683 2126 valeat,
705 2065 733 2114 ut
754 2070 803 2127 per
822 2053 880 2111 huc
904 2055 995 2110 omnia

195 2156 251 2213 Deo
265 2157 365 2230 gratias
379 2172 499 2230 agamus.
516 2152 585 2212 hbcl
598 2197 606 2223 ,
620 2154 664 2213 dic
676 2151 741 2208 mihi
754 2195 760 2220 ,
775 2149 865 2206 nobnc
885 2147 918 2204 dc
938 2147 994 2220 pri-

195 2247 278 2306 mitiis
293 2249 348 2307 hen
362 2237 533 2317 sacriticaus,
553 2247 670 2304 fraterna
691 2244 787 2302 cecidit
807 2259 888 2299 vtranu
903 2241 914 2316 l
928 2241 993 2298 Gerr.

195 2341 251 2416 l)i
263 2343 309 2401 sed
326 2351 414 2400 tuanen
430 2343 501 2400 Deus
515 2339 657 2414 permisit,
674 2355 729 2396 nou
743 2355 805 2396 eum
821 2349 933 2409 perusus
948 2337 994 2408 quii

195 2450 225 2492 se
238 2435 398 2506 honoravit,
415 2436 462 2494 scd
477 2435 555 2493 valde
569 2435 683 2510 diligens
698 2452 705 2490 a
725 2442 753 2490 et
765 2439 871 2506 prater
891 2432 995 2502 specia-

197 2529 296 2586 sissinri
312 2529 382 2587 illius
404 2527 527 2587 sacrihcli
545 2543 693 2597 coronam,
710 2527 821 2583 alteram
842 2527 922 2582 etiam
943 2523 995 2595 ipsi

195 2637 245 2694 per
259 2623 416 2696 martyrium
432 2617 564 2695 praebens.
578 2615 666 2678 llose's
676 2619 780 2677 cuidam
793 2617 888 2690 lnjtuia
900 2615 996 2673 allecto

193 2715 319 2789 opitulari
333 2717 435 2786 aalma,
457 2729 484 2775 et
505 2717 573 2775 mori
594 2717 758 2788 periclitatus
778 2726 839 2783 nst,
862 2724 890 2772 et
909 2715 995 2786 patria

193 2805 292 2864 excidit
307 2809 316 2882 (
331 2806 416 2865 haud.
430 2807 448 2865 Ξ
461 2809 482 2882 ),
499 2807 624 2880 Deasque
640 2809 759 2880 permisit
774 2850 781 2876 ,
796 2814 826 2863 ut
840 2813 994 2863 sanctorum

194 2901 349 2972 patientiam
365 2901 462 2959 discas.
478 2901 507 2958 st
522 2903 594 2958 enim
608 2901 714 2972 praescii
729 2899 795 2957 nibil
807 2913 857 2957 nos
867 2913 994 2971 passarus

193 2991 274 3058 mali,
291 2993 330 3050 sic
343 2994 490 3066 spiritualia
505 2993 685 3066 attigissemus
698 2993 824 3067 negotia,
845 2992 911 3052 nihii
932 3008 992 3050 ma-

144 3094 148 3108 ‘
193 3084 384 3158 guumlacero
406 3085 455 3144 visi
480 3103 621 3157 essemus,
647 3089 700 3145 tale
722 3085 874 3146 securitatis
897 3088 994 3162 pignus

195 3180 325 3238 habentes
341 3199 347 3237 :
364 3197 436 3238 nuatc
449 3197 515 3240 vero
528 3183 590 3239 hinc
609 3181 728 3240 maxime
746 3182 917 3241 admirabiles
932 3191 996 3239 sunt

193 3271 239 3358 qul
253 3273 316 3330 talia
333 3273 431 3332 iaciunt
442 3251 454 3345 ζ
464 3275 535 3348 qarod
548 3284 575 3332 et
584 3273 702 3349 pericula
713 3285 740 3332 ct
750 3275 847 3332 damna
859 3318 868 3345 ‚
881 3284 909 3333 et
922 3291 995 3333 mur·

195 3373 244 3433 tes,
255 3375 281 3423 et
291 3365 393 3424 inhuita
407 3367 583 3440 praevidentes
592 3369 671 3437 mala,
682 3379 769 3425 tamen
778 3367 996 3440 hujusmodiolll-

194 3455 243 3514 ciis
258 3474 311 3514 nan
327 3460 474 3529 absistant,
490 3473 576 3533 acque
595 3459 740 3518 timorum¹
753 3461 996 3533 exspectationibus

194 3550 997 3627 segnioreslactisint.Sicutigiturtrespucridicebaut:l2rt

196 3633 266 3699 Deras
280 3643 307 3699 in
322 3643 383 3700 caia
395 3648 483 3718 pateat
497 3645 593 3718 eripere
605 3661 652 3702 aas
665 3662 675 3702 .·
689 3657 713 3704 et
725 3645 747 3704 si
760 3663 810 3703 aaa
824 3691 832 3718 ,
854 3657 942 3704 notam
963 3647 997 3703 ait

194 3733 240 3790 tibi
254 3778 262 3805 ‚
276 3737 341 3806 aba,
355 3729 424 3809 qaod
438 3736 548 3794 dilatala
562 3753 612 3795 aaa
624 3733 765 3809 ιειιιῐιιιιιι,
780 3750 803 3797 et
816 3757 919 3797 auream
928 3743 993 3798 inra-

195 3829 279 3902 giaeat
290 3871 297 3899 ,
310 3845 387 3903 guum
396 3831 512 3904 meolati,
526 3847 576 3890 non
588 3834 725 3892 adornatas
736 3835 746 3908 (
756 3835 824 3891 hau.
836 3835 863 3892 5.
875 3837 919 3893 ll.
930 3835 994 3912 l8):

197 3931 224 3980 et
238 3929 265 3980 tu
281 3923 361 3997 igitur
374 3925 481 3998 quanda
496 3927 638 3999 quidboni
653 3925 800 3984 secundum
822 3928 908 3986 heum
931 3943 996 4001 upe-
1016 3931 1018 3939 ’

195 4015 248 4073 rari
272 4015 374 4089 debes,
391 4018 473 4076 multa
486 4021 610 4093 prospice
623 4021 753 4093 pericula,
770 4019 855 4078 rttulta
876 4022 993 4090 damna,

196 4108 295 4166 multas
307 4117 430 4180 mortes;
448 4121 477 4169 et
499 4129 533 4171 ne
555 4113 680 4183 mireris,
700 4129 788 4186 neque
809 4115 994 4187 perturberis,

196 4199 221 4258 si
235 4199 294 4258 hato
307 4203 438 4261 accidant.
453 4203 507 4261 ma
517 4248 526 4274 ,
538 4208 646 4354 pquu’
660 4208 781 4264 accedeus
800 4209 835 4264 aa
853 4211 997 4266 seruitutem
1010 4237 1011 4240 ¹

195 4291 265 4364 hei,
281 4313 400 4372 praepara
413 4301 526 4354 animam
553 4315 612 4364 agra
624 4299 659 4354 aii
673 4301 836 4356 tentationem
850 4301 952 4374 (ideali.
965 4301 994 4357 2.

197 4389 210 4444 l
224 4387 247 4464 ).
263 4387 348 4448 Nemo
362 4407 459 4464 nempe
472 4407 590 4466 pugnare
602 4387 770 4463 decernens,
786 4392 887 4465 absque
900 4394 996 4451 vulne-

197 4481 272 4542 ribus
286 4501 412 4544 coronant
426 4497 564 4560 reportare
578 4495 725 4561 exspectat.
740 4487 775 4544 Et
791 4497 821 4546 tu
838 4485 920 4560 igitur
933 4531 941 4556 ,
952 4503 998 4544 ca-

197 4577 321 4648 tissime,
332 4595 394 4637 cum
404 4566 512 4640 diabolo
525 4581 587 4638 totis
596 4580 698 4639 viribus
711 4593 829 4654 pugnare
842 4593 996 4653 aggressus,

197 4671 324 4728 saevitam
344 4689 466 4731 securam
486 4683 513 4731 et
534 4671 638 4731 deliciis
657 4674 765 4747 plenam
788 4675 921 4747 sequaris.
935 4673 995 4731 lion

197 4765 269 4820 enim
282 4765 327 4822 hic
340 4767 399 4848 tibi⁵
410 4766 600 4825 retributiones
621 4775 649 4824 et
668 4768 879 4840 promissiones,
901 4767 998 4825 sedin

197 4857 288 4915 lutura
301 4858 401 4916 secula
423 4855 514 4916 omnia
537 4859 667 4932 praeclara
686 4859 758 4916 heus
777 4858 909 4932 promisit.
928 4859 998 4918 Cum

197 4951 279 5023 igitur
292 4950 334 5008 vel
347 4951 405 5023 ipse
417 4951 517 5010 honum
533 4953 648 5025 leceris,
662 4961 689 5011 et
700 4954 835 5012 contraria
848 4957 995 5028 receperis,

199 5044 243 5103 vel
257 5045 338 5102 alium
354 5043 406 5102 hoc
419 5043 519 5105 videris
539 5048 706 5117 patientem,
724 5047 811 5120 gande
831 5056 860 5106 et
881 5047 996 5106 laetare:

198 5137 308 5210 majoris
320 5139 392 5196 caim
406 5139 454 5196 tibi
468 5138 652 5197 retributionis
664 5141 775 5198 materia
789 5149 839 5198 est.
853 5141 892 5199 lie
905 5143 997 5199 concl-

198 5226 267 5297 das,
294 5247 381 5310 neque
402 5232 491 5288 solvas
512 5230 594 5315 animi
618 5231 758 5302 studium,
781 5249 868 5306 neque
890 5235 997 5307 segnior

200 5317 269 5389 has,
285 5321 332 5377 sed
347 5309 518 5394 purius'tnsm
527 5339 587 5380 cum
600 5325 695 5397 majori
705 5325 852 5385 alacritate.
866 5327 997 5396 Quoniam

113 5402 122 5418 ⁸
199 5420 228 5468 et
253 5402 367 5486 apostoli
389 5429 451 5473 cum
480 5417 679 5489 predicabant,
706 5419 756 5476 etsi
777 5419 1007 5494 flagellarentur,

199 5503 391 5575 lapidarentur,
407 5521 530 5566 carceres
552 5511 677 5568 continue
698 5511 860 5582 babitarent,
880 5530 934 5571 nan
953 5529 997 5571 sa·

200 5595 256 5654 lum
278 5607 339 5668 past
359 5599 538 5670 periculorum
563 5601 767 5684 liberationem,
788 5604 836 5664 sed
850 5613 878 5664 et
890 5605 917 5664 ia
932 5607 997 5680 ipsis

199 5773 324 5891 ‘fugitum
334 5777 411 5855 habet
421 5791 428 5834 ι
440 5787 520 5848 deque
534 5783 705 5840 timendorum.
722 5755 797 5840 aiter.
809 5753 915 5852 :vrtcava
933 5780 1000 5866 titur,⁴

1053 448 1178 542 periculis
1191 483 1252 524 cum
1266 468 1368 540 majore
1383 466 1526 523 alacritate
1547 457 1667 522 ueritatis
1687 464 1851 535 praeamara

1051 563 1235 622 enuntiabant.
1252 561 1287 620 Et
1300 561 1392 618 ridere
1406 567 1448 616 est
1459 559 1571 616 Paulum
1592 561 1620 614 iu
1639 559 1699 631 ipso
1718 571 1850 628 carcere,

1051 659 1078 716 itt
1094 658 1159 730 ipsis
1171 655 1273 714 catenis
1288 655 1464 712 instruentem
1475 695 1484 722 ,
1497 653 1670 720 initiantem,
1692 661 1722 710 et
1744 652 1772 708 in
1792 651 1852 709 loro

1048 749 1169 824 judiciali
1182 763 1291 807 rursum
1305 747 1377 806 idem
1391 747 1532 804 iacienteni
1546 789 1555 816 ,
1570 754 1598 803 ct
1616 747 1644 803 in
1665 744 1806 818 naufragia
1824 753 1853 801 et

1050 843 1271 916 intempestate,
1287 851 1314 899 ct
1328 843 1355 898 in
1369 839 1496 914 periculis
1509 840 1668 897 innumeris.
1689 840 1732 897 'lu
1745 853 1852 911 auoque

1051 946 1158 995 sanctos
1178 932 1245 993 istos
1268 935 1414 1003 acnralare,
1435 943 1463 992 et
1483 947 1498 990 a
1521 933 1599 990 bonis
1617 932 1762 1005 operibns,
1787 930 1852 986 dum

1050 1034 1138 1104 potes,
1162 1045 1197 1087 ne
1218 1029 1326 1088 excidas
1341 1031 1351 1062 ¹
1366 1049 1374 1086 a
1389 1037 1417 1087 et
1429 1028 1493 1086 licet
1515 1027 1612 1085 milltes
1634 1028 1852 1099 interpellantem

1051 1136 1078 1182 te
1095 1122 1231 1182 diabolum
1251 1123 1367 1192 videris,
1388 1121 1519 1195 nusquam
1543 1121 1668 1179 absistas.
1692 1121 1852 1193 Tuquidem

1050 1222 1179 1292 pecunias
1222 1219 1393 1292 pcrlerens,
1430 1219 1500 1277 lacte
1530 1217 1696 1290 naufragium
1730 1217 1850 1285 lecisti;

1050 1302 1150 1368 Paulus
1171 1322 1262 1369 autem
1283 1304 1409 1369 omnibus
1431 1311 1554 1384 pecuniis
1577 1311 1718 1384 pretiosius
1739 1309 1851 1366 uerbum
1909 1299 1917 1313 ⁸

1050 1403 1157 1471 ferens,
1172 1400 1286 1461 Rolnam
1300 1405 1409 1473 abibal,
1430 1412 1458 1461 et
1471 1406 1498 1461 in
1510 1404 1677 1478 naufragium
1693 1401 1784 1462 incidit
1798 1447 1806 1472 ,
1823 1411 1853 1460 et

1051 1485 1154 1552 instruito
1167 1497 1250 1555 subiit
1264 1498 1444 1554 incommoda.
1456 1488 1493 1555 'tta
1508 1497 1559 1556 boc
1571 1497 1629 1570 ipse
1645 1499 1791 1555 declaravit
1811 1497 1853 1553 di-

1049 1604 1134 1650 cens:
1150 1593 1253 1666 Sepias
1265 1593 1391 1648 aalainrua
1403 1593 1488 1649 acras're
1514 1593 1549 1647 ad
1569 1587 1630 1660 aas,
1656 1593 1701 1650 aed
1719 1591 1851 1669 inapediait

1049 1684 1096 1742 aas
1107 1696 1209 1742 satanas
1225 1685 1274 1760 (l.
1288 1685 1378 1743 Thess.
1391 1684 1419 1741 2.
1435 1685 1490 1759 tt)
1506 1703 1513 1742 z
1526 1695 1554 1743 et
1574 1687 1644 1744 bens
1653 1687 1797 1759 permisit,
1817 1700 1852 1742 cx

1049 1775 1277 1851 supterabundanti
1292 1797 1368 1837 snam
1379 1783 1569 1839 demonstrans
1579 1783 1706 1838 virtutem
1718 1788 1746 1838 et
1758 1789 1851 1838 osten-

1050 1874 1117 1930 dens
1131 1916 1139 1942 ,
1153 1875 1224 1946 qatod
1239 1873 1344 1931 infinita
1357 1874 1472 1932 iaciente
1491 1875 1599 1933 diabolo
1620 1885 1649 1932 et
1667 1875 1828 1949 prohibente
1840 1873 1863 1944 ,'

1049 1966 1116 2025 nihil
1129 1980 1161 2024 cx·
1176 1966 1226 2024 hoc
1239 1968 1395 2039 praedicatio
1405 1967 1597 2039 minuebatur,
1610 1977 1657 2025 aut
1670 1969 1850 2039 interrumpe·

1049 2062 1137 2139 hatur.
1152 2059 1254 2118 idcirco
1269 2062 1295 2118 iu
1310 2062 1436 2120 omuibus
1445 2061 1544 2119 Paulus
1557 2061 1612 2118 lieo
1623 2061 1723 2135 gratias
1735 2060 1849 2132 agebat,

1050 2155 1140 2211 sciens
1152 2155 1225 2228 quod
1239 2157 1421 2228 probatiorem
1437 2173 1486 2230 per
1499 2158 1558 2214 hacc
1571 2173 1601 2215 se
1612 2157 1684 2215 heus
1697 2156 1828 2213 reddedat
1842 2171 1849 2212 a

1050 2246 1172 2303 ctstudii
1198 2248 1241 2305 sui
1268 2246 1464 2307 vehementiam
1487 2249 1514 2306 iu
1540 2250 1666 2306 omnibus
1687 2247 1849 2315 exhibebat,

1050 2341 1123 2397 trullo
1137 2337 1232 2398 horam
1253 2341 1506 2414 impedimentomm
1518 2343 1661 2400 cohibitus.
1675 2341 1786 2412 Quoties
1800 2340 1850 2412 igi-

1050 2445 1093 2493 tur
1108 2433 1227 2493 frustrati
1241 2435 1370 2496 lacrimas
1383 2481 1392 2507 ,
1407 2439 1488 2494 toties
1502 2437 1648 2510 spiritualia
1661 2452 1742 2509 opera
1755 2449 1851 2508 aggre-

1052 2531 1179 2587 diamur:
1201 2547 1289 2604 ucquc
1306 2532 1447 2602 dicamus,
1469 2548 1552 2606 quare
1572 2532 1643 2589 Deus
1661 2529 1851 2607 impedimenta

1049 2626 1193 2698 permisit?
1214 2638 1323 2700 propter
1343 2629 1396 2686 huc
1418 2630 1490 2706 enim
1514 2629 1658 2701 permisit,
1682 2637 1712 2684 ut
1732 2628 1851 2685 staulam

1051 2726 1125 2774 tuum
1140 2718 1321 2802 multomagis
1333 2722 1525 2791 demonstres,
1539 2731 1567 2778 et
1584 2721 1696 2777 maltum
1719 2736 1848 2778 amorem.

1049 2810 1172 2867 hmautis
1186 2811 1258 2867 enim
1279 2799 1397 2871 maxime
1415 2824 1478 2883 cst,
1501 2829 1647 2885 numquam
1668 2814 1702 2871 ab
1716 2814 1771 2881 iis,
1791 2828 1852 2885 quac

1049 2910 1141 2958 amato
1154 2891 1341 2976 complaceat,
1356 2904 1497 2961 absistere.
1513 2904 1599 2961 blollis
1612 2905 1684 2962 cnim
1698 2911 1725 2960 et
1738 2905 1851 2975 ignavas

1049 3010 1084 3050 cx
1098 2995 1185 3066 priato
1199 2992 1290 3052 statIm
1306 2996 1407 3068 impetu
1427 2997 1569 3064 concidet;
1592 2996 1740 3054 vehemens
1760 3007 1851 3056 autem

1050 3097 1078 3146 et
1089 3089 1240 3156 excitatus,
1256 3090 1307 3146 etsi
1321 3089 1418 3147 millies
1438 3090 1644 3163 interpelletur,
1667 3100 1742 3148 tanto
1765 3092 1851 3165 magis

1049 3182 1149 3239 divinis
1160 3181 1243 3241 rebus
1256 3183 1387 3252 instabit,
1402 3193 1531 3256 quatitans
1545 3187 1571 3240 in
1591 3201 1622 3242 sc
1634 3194 1677 3242 est
1692 3186 1783 3242 amaia
1796 3186 1850 3243 im-

1049 3279 1128 3349 plens
1138 3317 1148 3346 ,
1157 3285 1186 3335 et
1197 3279 1225 3334 in
1238 3277 1362 3335 omnibus
1373 3279 1474 3349 gratias
1485 3291 1568 3352 agens
1581 3296 1590 3335 a
1603 3278 1655 3336 hoc
1667 3285 1694 3336 ct
1709 3293 1758 3336 nus
1769 3279 1851 3338 lacia-

1050 3388 1122 3429 mas.
1138 3372 1250 3445 Magnus
1263 3371 1405 3428 thesaurus
1416 3372 1561 3444 gratiarum
1576 3370 1667 3441 actio,
1688 3388 1791 3446 magum
1810 3373 1853 3430 di·
1887 3373 1889 3377 '

1050 3463 1143 3533 vitice,
1158 3466 1375 3536 inconsumptum
1387 3465 1506 3534 bonum,
1522 3473 1656 3520 armatura
1671 3463 1747 3520 lortis
1760 3483 1768 3520 a
1781 3465 1852 3522 sicat

1050 3569 1080 3617 ct
1093 3559 1260 3631 blasphemia
1272 3556 1431 3630 praesentem
1443 3558 1575 3630 jacturam
1588 3557 1722 3625 intendit,
1735 3565 1762 3621 et
1775 3558 1851 3629 plara

1050 3667 1131 3723 quam
1145 3667 1205 3722 qttae
1227 3650 1410 3722 perdidimus,
1430 3651 1540 3723 insuper
1558 3649 1648 3724 perire
1669 3637 1742 3708 lacit.
1758 3651 1851 3709 Perdi·

1050 3746 1114 3802 disti
1129 3746 1278 3818 pecunias?
1292 3747 1315 3804 si
1328 3749 1429 3820 gratias
1440 3748 1549 3822 quidem
1562 3750 1666 3822 egeris,
1680 3749 1797 3805 animam
1811 3748 1854 3854 lui

1052 3847 1206 3909 cratuses,
1222 3849 1250 3897 et
1263 3842 1382 3912 majores
1402 3851 1497 3907 nactus
1516 3858 1546 3900 cs
1569 3843 1696 3912 divitias,
1719 3844 1781 3916 quia
1802 3843 1851 3898 her

1051 3931 1267 3990 benevolentiam
1288 3935 1336 3990 tibi
1355 3935 1515 4007 ampliorem
1541 3936 1712 4004 conciliasti;
1741 3937 1765 3993 si
1787 3950 1851 3992 vcro

1051 4025 1298 4097 blasphemaveris,
1315 4028 1425 4098 insuper
1445 4036 1473 4085 et
1491 4028 1603 4085 salutem
1626 4037 1699 4086 tuam
1715 4028 1850 4099 amisisti,

1051 4132 1140 4190 neque
1160 4118 1220 4176 illas
1241 4120 1417 4191 recuperasti,
1438 4129 1466 4178 et
1483 4137 1563 4192 quam
1582 4121 1700 4178 habuisti
1721 4121 1850 4190 aulanam,

1052 4211 1123 4268 hanc
1135 4229 1242 4284 guoque
1252 4214 1384 4270 occidisti.

1089 4304 1134 4361 ld.
1145 4303 1266 4376 Pracipit
1280 4317 1308 4361 at
1325 4306 1468 4381 blasphemi
1488 4308 1661 4381 corripiantur
1678 4318 1703 4363 et
1719 4307 1849 4378 capulent.

1052 4398 1151 4456 -Sed
1173 4407 1314 4471 postquam
1333 4401 1367 4458 de
1388 4402 1554 4474 blasphemia
1579 4403 1658 4460 nabis
1679 4405 1759 4462 verba
1780 4418 1853 4459 nunc

1052 4491 1122 4547 iacta
1144 4499 1216 4559 sunt,
1229 4506 1309 4547 vanam
1327 4507 1343 4548 a
1361 4492 1439 4552 robis
1453 4495 1578 4559 amnibus
1590 4505 1681 4566 petere
1693 4495 1755 4552 vulo
1770 4477 1852 4550 retri-

1052 4581 1190 4638 bationem
1205 4598 1254 4655 pro
1264 4583 1393 4642 corrcione
1404 4585 1455 4641 hac
1475 4596 1556 4658 atque
1576 4602 1718 4647 sermone:
1735 4596 1764 4642 ut
1776 4587 1803 4642 ia
1815 4585 1850 4642 ci·

1053 4673 1136 4728 vitate
1158 4674 1371 4745 blasphemantes
1390 4676 1456 4733 mihi
1474 4677 1621 4750 castigetis.
1647 4677 1676 4736 st
1698 4679 1852 4750 quempiam

1053 4764 1082 4820 in
1095 4765 1166 4822 bivio
1180 4768 1280 4846 etl'oro
1291 4767 1348 4826 Deo
1358 4768 1587 4840 blasphemantem
1600 4769 1728 4839 audieris,
1738 4759 1852 4840 ¹accedo,

1053 4859 1180 4931 increpa:
1191 4869 1220 4915 et
1232 4860 1255 4915 si
1269 4861 1380 4918 verbera
1396 4859 1518 4931 indigere
1532 4869 1663 4934 oporteat,
1677 4877 1713 4918 ne
1725 4875 1853 4919 recuses:

1053 4952 1138 5023 ipsius
1148 4951 1243 5010 faciem
1256 4954 1332 5027 alapa
1349 4963 1479 5026 percute,
1497 4967 1609 5012 contere
1623 4970 1654 5012 os
1668 4955 1753 5028 ipsius
1767 4997 1776 5024 ,
1792 4972 1853 5026 per·

1053 5028 1293 5102 cassionemanum
1301 5056 1373 5103 tuam
1381 5047 1528 5104 sanctifica.
1536 5046 1599 5105 Etsi
1608 5048 1852 5114 alliaccusaveriut‚

1052 5146 1082 5194 et
1095 5137 1118 5194 si
1130 5131 1158 5194 in'
1167 5137 1297 5210 judicium
1309 5139 1456 5208 traxerint,
1475 5155 1607 5213 sequere:
1627 5151 1654 5197 et
1667 5140 1691 5197 si
1705 5153 1799 5212 poenas
1809 5139 1855 5210 jn·

1033 5305 1034 5312 ἵ
1052 5231 1106 5288 dex
1118 5245 1168 5302 pru
1181 5230 1307 5286 tribunali
1320 5233 1515 5304 repoposcerit,
1525 5233 1634 5291 diacum
1645 5232 1855 5305 libertate,qaod

1031 5323 1211 5414 gaagelorum
1231 5321 1332 5396 liegem
1353 5323 1590 5397 blasphemaverit.
1615 5324 1643 5383 st
1665 5325 1737 5402 caim
1762 5340 1855 5398 regem

1054 5426 1136 5472 terrac
1157 5415 1375 5489 blasphemantes
1390 5420 1477 5492 puniri
1491 5430 1617 5493 oportet,
1628 5420 1808 5493 multomagis
1822 5419 1856 5475 il·

1054 5508 1111 5566 lum
1138 5511 1300 5569 contumelia
1315 5512 1473 5573 allicientes.
1497 5513 1646 5572 Commune
1667 5513 1769 5573 crimen
1792 5520 1854 5583 cst,

1056 5603 1163 5675 publica
1178 5605 1287 5679 injuria,
1296 5609 1392 5680 cuique
1404 5623 1533 5670 accusare
1544 5610 1645 5668 volenti
1659 5609 1731 5668 licet.
1746 5609 1857 5666 hiscant

1056 5788 1274 5915 ὦέοᾶιέὲει
1291 5789 1856 5859 savh.‚mboraisoperltuspcrseseragaaat·
