4142 6342
184 320 236 383 ιιι
441 358 449 377 .
697 326 700 331 ·
792 306 839 367 'm
857 300 987 367 nsum
1006 297 1221 366 sartonam·
1339 296 1342 299 ’
1379 295 1381 298 ·
1419 278 1433 331 Γ
1755 281 1847 353 ⁵tta·

184 446 245 497 mus
261 430 402 501 assuerit,
423 428 475 489 sed'
485 429 577 488 ridere
588 436 648 490 erat
659 426 687 484 ln
700 434 777 499 portu
791 416 978 496 naufragium,
1032 413 1198 477 nuncetiam
1211 415 1314 475 Heliam
1325 410 1454 487 expulere
1464 384 1564 477 tutet,
1574 387 1623 464 tad
1632 402 1715 463 sidat
1728 397 1824 463 baso*

186 530 305 603 iriquum
320 528 347 583 m
362 530 502 583 enecare
512 522 695 595 mpietatem.
717 520 752 575 m
763 532 818 575 mu
830 502 883 575 auc
895 505 986 587 usqne
1032 502 1210 583 pnssommo
1221 510 1304 581 igtur
1315 506 1453 565 cussum
1465 500 1502 561 aa
1511 495 1826 572 unsrepulmmrauem

186 631 291 681 tantum
304 632 444 695 progressa
458 622 501 697 est
514 610 620 675 iliorum
632 608 798 686 improbitas,
817 609 864 668 sed
878 616 906 667 et
918 621 980 665 cum
1032 607 1174 673 exceptam
1188 599 1350 671 agentibus,
1361 592 1555 655 animadversis
1572 600 1651 647 antea
1665 587 1825 660 dgmlsgne
1929 586 1935 598 '

189 714 261 787 diias
285 727 348 772 suas
378 708 538 767 eradicarem
560 722 591 769 se
614 706 665 765 Lot
684 704 866 777 polliceretur,
887 712 923 758 ne
942 690 982 757 sic
1032 684 1245 766 prodentem'se
1265 692 1305 749 rei
1328 690 1469 748 ueritatem
1483 678 1738 744 'mireris-Audisti
1757 686 1827 747 ergo

178 800 297 879 'quidem
317 808 499 869 recesserunt,
527 798 576 860 sad
593 795 863 871 urgebantdiccntes
882 804 982 854 ponsa
1032 784 1169 843 eiulatum
1197 784 1279 843 bodie
1301 783 1453 852 dicentem,
1467 789 1496 839 et
1514 778 1568 837 boc
1591 778 1682 849 ipsum
1706 768 1828 847 talieta

189 896 265 971 prim
284 908 365 967 quam
373 892 451 949 'uiros
464 886 630 963 accepissent
643 900 811 953 recessurum
826 894 909 956 seque
921 880 983 954 grit-

189 988 298 1047 rissima
310 986 430 1042 illaturos
450 982 522 1041 mala
539 981 709 1039 minabantur
727 980 763 1049 ei,
785 977 832 1051 qui
847 984 877 1033 ut
889 974 982 1048 trospi-

33 1072 36 1107 Ε
135 1130 141 1141 .
190 1080 262 1138 tibus
273 1074 408 1137 bonorem
417 1074 623 1143 deterrebimus
634 1088 697 1133 suas
711 1070 741 1131 se
753 1071 913 1145 promiserat
926 1076 982 1123 tra·

190 1172 318 1229 diturum.
334 1168 420 1228 Vides
432 1176 462 1226 ut
473 1168 547 1226 omni
565 1182 599 1225 ex
620 1174 696 1240 parte
715 1162 913 1223 Sodomitarum
927 1165 982 1213 ‘nu-

190 1264 302 1335 quitiam
316 1260 520 1329 demonstrarit,
544 1272 577 1317 ao
588 1257 686 1315 deinde
699 1269 806 1333 poenam
819 1253 871 1310 iliis
887 1248 985 1307 intule-

191 1356 249 1423 riti
275 1354 315 1413 Ne
342 1355 414 1413 enim
445 1359 537 1425 postea
564 1366 624 1409 cum
651 1364 698 1407 cos
719 1348 829 1405 allectos
852 1342 985 1417 supplicio

191 1442 308 1513 rideris,
339 1446 450 1517 propter
478 1438 866 1513 calamitatis-magnitudinem
893 1435 985 1490 animo

192 1534 332 1609 frangaris,
352 1549 439 1607 nequa
457 1532 518 1591 cum
537 1533 589 1591 illis
601 1533 687 1589 Deum
709 1543 830 1596 accuses,
854 1524 902 1583 sed
925 1510 985 1581 illos

192 1640 255 1683 cum
274 1624 331 1681 lieo
351 1623 531 1694 condemnes,
563 1632 642 1681 antea
664 1622 847 1680 demonstrata
878 1606 985 1675 iliorum

192 1716 362 1789 improbitate
374 1730 482 1773 omnem
504 1728 567 1789 erga
582 1714 641 1772 illos
654 1712 846 1771 misericordia
866 1704 986 1767 occasio·

194 1826 256 1867 nem
275 1808 429 1883 praeripuit,
445 1816 474 1865 et
488 1822 537 1864 nos
556 1806 591 1863 ab
605 1804 679 1863 omni
700 1798 933 1862 commiseratione
958 1798 986 1853 in

194 1902 255 1961 iilos
276 1904 407 1959 avocarit.
431 1900 508 1973 Quod
527 1906 555 1955 et
577 1912 648 1954 nunc
665 1911 727 1970 erga
746 1894 904 1966 propiciam
920 1903 987 1960 prm-

193 1992 272 2049 stitit.
294 1992 334 2049 Ne
354 1993 423 2049 lame
446 1989 584 2047 contectos
605 1980 711 2044 intuens
735 1984 842 2041 ladmos
862 1976 986 2049 doleresl,

195 2082 388 2139 immanitatem
412 2082 519 2139 illorum
538 2086 566 2137 ct
586 2076 770 2135 crudelitatem
794 2072 932 2137 ostendit,
960 2075 988 2126 et

194 2189 275 2245 quam
290 2188 352 2231 raro
369 2172 484 2229 comiter
497 2172 652 2245 peregrinos
666 2168 830 2239 exciperem.
843 2164 901 2221 Non
916 2163 987 2220 enim

76 2280 90 2297 ·
194 2265 281 2323 solum
295 2266 454 2339 prophetam
468 2280 522 2322 nou
536 2271 727 2336 susceperunt,
754 2260 804 2318 sed
818 2268 845 2317 et
860 2274 890 2316 se
904 2258 988 2338 imer-

193 2356 313 2414 iecturos
327 2356 499 2414 minabantur
512 2371 519 2411 a
534 2354 562 2412 id
581 2354 654 2427 quod
669 2368 703 2411 et
717 2351 766 2409 bel
780 2350 869 2408 uerbis
883 2347 987 2419 colligi·

194 2456 248 2505 tur.
262 2444 329 2505 Non·
343 2446 415 2505 enim
434 2446 472 2503 alt
494 2452 607 2514 tantum,
631 2442 740 2510 lieccdc,
764 2438 988 2507 sedetiamdi-

155 2620 158 2629 ,
194 2536 318 2615 metim
340 2536 386 2611 (b.
406 2535 473 2608 fleg.
489 2536 534 2591 i'l.
547 2534 596 2609 5).
617 2534 676 2595 Non
698 2533 798 2591 suiten
819 2532 854 2589 ad
875 2531 989 2587 mutem

194 2626 267 2699 toga,
291 2626 340 2685 sed
352 2636 382 2685 et
395 2634 502 2703 oportet
512 2635 542 2684 ut
556 2634 585 2686 te
594 2626 736 2701 diligenter
748 2624 867 2683 occultes
883 2641 891 2679 ε
905 2622 1002 2694 popu-'

196 2714 239 2773 los
259 2716 358 2789 quippe
378 2714 504 2775 lmaicus
516 2724 576 2787 est,
591 2716 706 2793 papolus
724 2713 882 2788 sanguinem
896 2712 990 2771 sitiens

195 2804 405 2878 propbemrum,
424 2813 453 2863 et
474 2808 501 2863 io
524 2806 625 2867 mattis
646 2804 775 2865 necandis
796 2803 958 2863 racematus
979 2817 988 2860 a

194 2910 305 2969 temper
315 2904 411 2955 manos
421 2910 484 2955 mat
496 2897 653 2970 prophetico
666 2894 796 2969 sanguine
804 2900 989 2953 emanarant.

194 2984 307 3045 Etcum
322 2987 397 3046 illum
417 2987 525 3061 quidem
545 2986 685 3045 emittebat
705 3001 740 3044 ea
761 2984 864 3053 iudea,
882 2982 954 3041 lade
966 2992 990 3039 et

194 3080 358 3150 abscondere,
376 3080 463 3154 lnquit
475 3099 483 3135 a
496 3096 557 3139 oum
572 3088 661 3139 autem
674 3078 708 3159 ad
724 3079 831 3135 rideam
843 3076 967 3135 mittebat
982 3094 989 3134 :

1033 884 1152 934 cantem.
1166 876 1233 933 cnm
1248 876 1321 932 enim
1330 872 1439 931 ludaos
1452 872 1622 943 indignantes
1634 851 1827 936 alloqueremur,

1033 968 1150 1053 meabat,
1164 967 1255 1024 italic
1265 964 1350 1023 mace
1359 964 1467 1020 crastin
1476 955 1673 1022 actoritate,
1685 948 1829 1022 etrdnal·
1912 935 1914 938 ’

1034 1060 1087 1116 tam
1100 1060 1193 1115 mimus
1206 1068 1244 1115 eat
1259 1056 1366 1124 Helius,
1387 1054 1438 1110 nial
1458 1054 1493 1108 ad
1517 1049 1630 1117 uiduam,
1645 1054 1703 1119 qaue
1723 1041 1829 1100 aratu-ta

1035 1150 1189 1232 Sarepittlra‘a
1203 1148 1309 1206 Sidonia
1321 1146 1398 1221 (buc.
1414 1146 1442 1201 ι.
1454 1140 1513 1215 25).
1528 1140 1581 1198 Sed
1596 1133 1830 1211 quaretiortaase

1035 1241 1178 1315 quispiam,
1194 1254 1274 1312 quam
1288 1234 1444 1294 obcausam'
1457 1248 1520 1291 eum
1538 1230 1584 1303 qui
1602 1236 1704 1287 tamum
1717 1237 1768 1298 pro
1779 1222 1830 1279 uei
1956 1230 1961 1240 ·

1036 1323 1121 1407 gloria
1133 1334 1220 1391 zelum
1237 1346 1292 1402 prae
1305 1345 1337 1388 se
1351 1324 1570 1394 tulerat·,ue1ari
1585 1322 1656 1378 bens
1676 1314 1832 1391 permiserit

1036 1435 1065 1483 et
1089 1425 1171 1500 aldigi
1182 1467 1190 1493 ,
1203 1436 1351 1481 cum-eum
1364 1420 1406 1477 'ad
1422 1425 1570 1476 torrentem
1592 1424 1664 1469 nunc
1691 1408 1829 1473 mitteret,

1037 1535 1109 1578 nunc
1121 1520 1155 1576 ad
1167 1517 1285 1584 viduam,
1296 1530 1369 1573 nnnc
1378 1514 1467 1571 alium
1478 1511 1507 1567 in
1521 1510 1621 1573 locum,
1635 1512 1771 1574 tanquam
1783 1512 1831 1554 cx·

1037 1614 1124 1670 sulem
1155 1610 1297 1684 quemdam
1322 1608 1416 1665 rolens
1447 1605 1536 1661 locum
1561 1614 1595 1657 ex
1622 1597 1683 1653 looo
1716 1598 1830 1647 mutare.
1869 1661 1874 1668 .

1038 1702 1170 1785 iteratum
1192 1701 1313 1757 enimet
1336 1686 1467 1753 'amictum
1486 1693 1570 1748 luisse
1590 1686 1654 1744 audi
1676 1696 1732 1756 quo
1753 1674 1832 1752 patto

1037 1796 1137 1853 Paulus
1149 1794 1231 1853 etiam
1241 1798 1354 1851 testetur
1365 1804 1374 1859 ;
1389 1786 1548 1844 circularem
1559 1779 1707 1844 innuistis,
1715 1776 1743 1830 ia·
1755 1768 1832 1845 palli·

1040 1888 1086 1943 data
1101 1884 1222 1957 caprinis,
1234 1889 1344 1955 egenter,
1360 1875 1507 1950 angustiati,
1521 1871 1607 1944 afflicti
1620 1867 1698 1941 (net.
1714 1866 1759 1921 tl.
1771 1859 1831 1932 td).
1940 1896 1946 1905 .
1967 1833 1972 1842 ’

1039 1973 1093 2033 Cur
1115 1977 1196 2047 igitur
1217 1974 1299 2030 illum'
1314 1971 1377 2029 sivit
1389 1968 1471 2037 aidigi
1483 1964 1495 2019 i
1507 1963 1575 2019 liam
1587 1960 1611 2017 si
1620 1957 1729 2032 quidem
1750 1952 1832 2010 oues

1039 2063 1149 2149 peccata
1163 2078 1224 2137 quae
1234 2062 1262 2118 in
1275 2062 1364 2132 ipsum
1377 2053 1551 2119 miniaceam,
1564 2050 1614 2104 iras
1627 2062 1644 2103 ι
1659 2042 1833 2113 ludmlspm-

1040 2174 1090 2216 nas
1111 2158 1260 2229 exegisset,
1281 2151 1379 2209 merito
1402 2146 1516 2205 dixisset
1539 2156 1602 2199 enm
1622 2136 1764 2196 roratione
1783 2134 1835 2187 ista

1031 2248 1188 2322 periculum
1201 2242 1354 2301 afflictionis
1364 2239 1472 2305 iecisse,
1485 2242 1516 2291 ut
1525 2232 1617 2290 mitior
1628 2230 1705 2287 deret
1722 2233 1752 2283 et
1764 2232 1834 2281 aaa·

1040 2340 1107 2397 nibil
1121 2337 1156 2395 de
1169 2334 1327 2393 crudelitate
1337 2330 1489 2388 remitteret
1501 2342 1509 2383 a
1525 2326 1653 2383 si'autem
1675 2328 1730 2377 noa
1759 2314 1832 2387 quod

1037 2431 1174 2487 'malorum
1195 2437 1301 2483 memor
1322 2427 1412 2489 esset,
1425 2434 1487 2493 qun
1507 2416 1543 2473 ab
1556 2414 1610 2471 illis
1618 2405 1716 2485 passus
1729 2399 1835 2475 iuerat,

1040 2525 1089 2583 sed
1109 2522 1181 2599 quod
1196 2528 1305 2592 propter
1318 2530 1412 2575 eorum
1425 2512 1558 2569 adversus
1570 2504 1713 2563 llormnmn
1732 2501 1837 2570 impro-

1041 2616 1152 2673 bitatem
1163 2620 1192 2670 et
1203 2608 1373 2668 inscietatiam
1387 2596 1681 2667 mouumentum
1692 2592 1747 2650 iliis
1764 2589 1836 2647 caia-

1033 2706 1163 2763 'mitatem
1177 2699 1323 2759 iurebebat
1338 2693 1458 2769 :quade
1470 2686 1554 2751 cansa
1574 2690 1613 2746 ia·
1623 2670 1789 2745 cameratum
1807 2687 1837 2738 et

1040 2796 1100 2870 ipse
1110 2790 1245 2852 malorum
1262 2795 1390 2857 roratur,
1404 2798 1456 2843 aee
1466 2781 1561 2842 multis
1571 2778 1678 2837 debetis
1688 2789 1723 2833 ac
1732 2772 1837 2832 secum

1041 2892 1097 2943 tate
1111 2876 1280 2957 perimituri
1292 2878 1365 2947 Quia
1373 2875 1500 2934 nlmimm
1512 2870 1536 2931 sl
1547 2869 1613 2928 dam
1624 2867 1671 2925 alli
1684 2864 1838 2924 commitata
1945 2878 1948 2883 ·

1041 2982 1239 3050 premeremur,
1251 2977 1280 3029 et
1297 2970 1369 3027 lame
1381 2966 1517 3039 perirent,
1529 2961 1590 3035 ipse
1601 2959 1707 3018 deliciis
1728 2964 1758 3014 et
1776 2954 1837 3027 opi·

1041 3084 1107 3141 para
1119 3078 1215 3123 mensa
1226 3064 1373 3129 imeretur,
1384 3058 1452 3115 illud
1463 3056 1579 3113 tortasse
1592 3046 1836 3120 lactum'quirpiam

1042 3154 1194 3215 crudelitati
1219 3152 1366 3210 tribuisset.
1386 3148 1457 3206 tituil
1472 3146 1545 3204 enirn
1568 3142 1667 3200 mirum
1681 3136 1837 3195 -tmssetri-

1037 3264 1115 3317 sum,
1126 3244 1275 3313 bominem,
1288 3234 1331 3299 c‘ui
1344 3240 1446 3297 adatim
1461 3244 1559 3295 cuncta
1572 3228 1849 3309 suppeterent,'alio·-

151 3440 153 3445 ,
197 3352 271 3409 tlono
288 3362 430 3424 prestare3
444 3352 596 3435 hmautem
609 3353 805 3427 confugientem
819 3364 916 3422 magna
929 3364 990 3407 cum
1041 3355 1102 3406 rum
1125 3336 1204 3393 maiis
1226 3330 1482 3392 oblectari.ideirco
1506 3326 1666 3399 participem
1690 3328 1838 3378 comesse

197 3440 295 3501 fiducia
310 3446 449 3515 praecipiat
461 3454 490 3503 et
501 3447 646 3504 securitate
657 3444 814 3503 discederet
1043 3428 1202 3489 calamitatis
1217 3424 1340 3499 permisit
1351 3422 1433 3491 Deus,
1446 3428 1474 3478 et
1485 3416 1602 3489 experiri
1614 3414 1684 3471 mala
1695 3409 1838 3483 quaa-accl-

231 3534 263 3593 b.
282 3534 335 3593 Car
348 3536 380 3592 ab
392 3538 452 3594 ollis
464 3538 572 3611 ejectae,
585 3554 600 3593 o
612 3538 690 3593 uidua
709 3544 840 3608 sumptus
854 3533 990 3607 propium
1039 3515 1162 3589 debant,
1175 3534 1208 3576 ac
1219 3517 1317 3574 tamem
1330 3512 1385 3586 pati
1397 3511 1406 3584 ζ
1416 3520 1447 3568 ut
1463 3511 1551 3568 discas
1573 3522 1627 3563 non
1645 3506 1743 3562 lamera
1764 3500 1837 3573 apud

197 3640 245 3681 car
259 3622 363 3683 diction
375 3626 447 3684 brar
466 3629 543 3701 affligi
553 3630 648 3685 sirmii.
664 3658 700 3671 -
711 3628 803 3701 Νιᾳιιι
816 3626 904 3683 solum
918 3625 988 3695 boc,
1042 3615 1130 3683 illum,
1145 3612 1194 3669 sed
1207 3608 1296 3668 zelum
1309 3606 1403 3663 inisse.
1416 3601 1591 3674 nequeenim
1606 3597 1686 3654 sicin
1700 3594 1838 3666 angustias

196 3718 246 3777 sed
259 3727 287 3776 et
297 3720 369 3778 aliud
383 3737 431 3793 per
445 3720 515 3779 buno
529 3721 666 3794 propbetas
680 3720 823 3779 adrentum
836 3720 870 3776 ad
884 3718 991 3777 vidum
1035 3708 1178 3775 redactus,
1191 3711 1311 3776 egestate
1327 3711 1455 3772 pressus,
1468 3696 1597 3762 retatus,
1610 3700 1639 3748 et
1648 3689 1767 3746 'afflictus
1779 3684 1838 3742 'ad-

193 3809 316 3889 ‚providit
331 3819 365 3867 ae
378 3810 520 3883 disposuit.
536 3810 576 3869 Ne
587 3812 658 3869 enlm
670 3820 763 3882 postea
777 3824 838 3866 cum
855 3809 993 3866 Christum
1043 3800 1105 3857 duci
1118 3798 1259 3870 potuisset,
1275 3800 1305 3849 ut
1317 3792 1405 3848 minas
1420 3786 1602 3851 rescinderet,
1618 3780 1670 3837 nisi
1683 3776 1839 3850 praenimis

198 3898 320 3956 nonnulli
334 3908 475 3957 cernerem
489 3907 550 3973 post
572 3900 655 3957 multa
668 3908 696 3957 et
714 3900 846 3957 immensa
863 3900 991 3957 beneticia
1044 3891 1105 3949 acio
1117 3889 1222 3946 beatam
1235 3884 1308 3941 illam
1321 3896 1416 3939 rocem
1429 3878 1573 3936 emisisset.
1590 3871 1721 3941 Quocirca
1740 3868 1839 3937 iuram

198 3990 227 4049 la
247 3989 367 4095 ludoeam
387 3990 501 4059 collata,
526 4000 589 4063 post
610 3992 764 4069 innumeros
784 3999 992 4065 mortuosque,
1044 3978 1154 4039 diusilli
1167 3977 1261 4033 luisset
1274 3972 1370 4051 affligi,
1383 3961 1692 4041 atquecastiga'tosritos
1705 3964 1837 4023 cernere,

199 4089 393 4153 mitteret,
419 4090 480 4155 poti
498 4098 602 4152 cacos,
622 4083 794 4155 quelsrisum
819 4084 992 4154 restituerat,
1044 4088 1124 4144 quam
1137 4063 1241 4141 urgenti
1251 4064 1414 4122 necessitate
1425 4059 1554 4143 liberatos
1572 4054 1606 4112 ad
1616 4052 1733 4126 priorem
1745 4058 1840 4105 rerer·

200 4174 403 4277 pbstieprosos,
419 4186 487 4249 quos
501 4176 686 4247 mundaverat,
699 4183 760 4249 post
770 4174 916 4242 daemones,
925 4190 993 4247 quos
1045 4154 1406 4233 sosimpietatemviderc.‘
1524 4228 1527 4231 ῃ

200 4272 335 4335 epacerm,
349 4272 409 4337 post
421 4264 604 4323 admirabilem
615 4266 812 4337 salutaremque
832 4264 992 4336 doctrinam,
1081 4253 1108 4310 d.
1127 4251 1208 4308 'iales
1221 4247 1294 4305 enim
1314 4253 1378 4303 sum
1390 4242 1491 4314 ubique
1504 4239 1601 4297 animae
1619 4242 1776 4295 sauctomm
1788 4247 1796 4288 t
1809 4241 1840 4289 ut

195 3171 270 3244 Ego,
294 3172 398 3244 inquit,
420 3172 462 3229 itti
483 3172 611 3229 mandabo
633 3170 815 3247 (litanti).
838 3170 933 3236 tides.
961 3178 992 3226 ut

196 3260 260 3321 inda
277 3263 386 3335 quidem
399 3264 544 3337 lugientem
556 3263 650 3336 lubeat
668 3262 734 3321 illud
748 3275 815 3333 ‚com
829 3261 912 3318 multa
928 3272 991 3317 cau·

81 4372 86 4379 '
199 4352 310 4424 abillis,
326 4370 395 4428 quos
414 4356 571 4415 devinxerat
582 4357 728 4420 benefieiis.
743 4372 804 4415 csse
818 4364 954 4429 renatum,
965 4369 999 4416 et¹
1045 4344 1135 4403 0²³wa
1149 4342 1323 4413 ifflliffmssli
1338 4336 1511 4395 θθθῦῐῑῐῐιῑθω
1523 4345 1609 4389 suam·
1619 4327 1738 4401 &⁰⁰¹⁰
1751 4340 1839 4397 0¹9⁰·

200 4460 217 4507 a
230 4446 376 4518 gentilibus
389 4446 498 4505 horrore*
507 4448 643 4516 affectum,
657 4449 703 4520 qui
716 4447 784 4505 nihil
799 4448 930 4517 viderant,
945 4464 995 4507 nce
1046 4445 1122 4496 littlil.
1131 4436 1171 4495 Ne
1183 4424 1243 4508 quib
1260 4434 1364 4490 diceret
1376 4443 1437 4488 earn
1460 4440 1515 4500 pm
1532 4419 1619 4481 nimia
1629 4418 1789 4479 crudelitate
1801 4415 1840 4473 stt·

140 4560 142 4565 ·
198 4536 376 4608 amaveram,
391 4540 568 4605 miraremur.
582 4538 745 4607 duplarem,
759 4547 787 4598 er
808 4554 865 4598 rem
878 4553 938 4597 ease
953 4540 995 4595 ln·
1046 4528 1246 4599 memaurtsse,
1257 4522 1413 4596 participem
1427 4532 1489 4577 Μ
1504 4516 1563 4574 tien
1575 4514 1653 4571 tamis
1665 4508 1797 4585 permista,
1810 4517 1841 4564 ¹¹⁸

200 4628 356 4689 credibilem
365 4632 651 4705 existimarentaprius
660 4648 693 4690 ae
704 4632 788 4689 multo
799 4640 862 4691 ante
874 4642 995 4705 tempore
1047 4618 1243 4697 philosophiam
1266 4602 1418 4687 limidi&
1431 4604 1588 4681 ⁰0l¹¹⁰⁸0³⁸3
1615 4600 1750 4661 Mem
1775 4614 1841 4655 '⁰¹⁰

201 4734 251 4793 per
264 4734 358 4779 serres
372 4736 445 4794 suos,
459 4731 580 4796 utquam
601 4724 716 4796 improbi
734 4723 835 4781 tuerint
848 4722 933 4781 ludam
944 4736 995 4781 nos
1047 4729 1108 4771 ctam
1121 4712 1207 4768 soleat
1220 4708 1380 4779 plerumque
1402 4700 1593 4757 mititilirttm
1607 4687 1702 4751 iiiiii
1714 4692 1779 4757 00⁸3
1793 4688 1840 4759 qui

198 4810 290 4880 docet,
299 4821 328 4871 et
340 4830 419 4887 quam
433 4829 526 4874 comes
538 4824 566 4873 et
578 4814 689 4871 bomani
703 4814 801 4899 luerint
818 4814 932 4886 gemblus
944 4828 995 4871 nos
1047 4801 1177 4862 miracula
1192 4792 1425 4872 palmitem,
1434 4802 1516 4865 il<1¹¹⁰
1527 4797 1620 4848 eoram
1633 4780 1801 4858 ⁸150&tores
1813 4782 1841 4837 ¹¹³

201 4905 515 4985 instruitsicnimirum
529 4914 557 4965 et
569 4906 670 4980 losepb
684 4906 734 4973 illi,
749 4906 844 4978 quibus
856 4904 996 4976 ipseciba·
1047 4912 1108 4955 eam
1130 4901 1249 4951 meatem
1269 4875 1418 4959 impellam,
1430 4891 1462 4941 ut
1482 4880 1581 4955 ili(illd
1607 4880 1635 4934 ³¹¹
1660 4871 1701 4933 05³
1715 4874 1841 4929 'hum

202 4994 242 5051 rit
266 4997 467 5056 ministraturus
493 4998 657 5065 advenerat,
672 4998 754 5055 etiam
780 5012 878 5053 necare
906 4996 996 5054 conati
1049 4998 1144 5045 natura
1158 4982 1297 5041 sublimius
1310 4994 1371 5037 esse
1383 4977 1548 5034 arbitremur
1562 4988 1571 5025 r
1587 4968 1730 5026 bis-‘etiam
1737 4964 1842 5020 duobus

203 5093 267 5141 tttnl
282 5103 290 5141 t
303 5084 384 5143 homo
392 5099 482 5147 autem
493 5088 622 5148 hapham
636 5088 663 5147 iii
678 5102 812 5147 summum
825 5088 900 5145 illum
911 5066 997 5143 hono*-
1048 5078 1197 5139 remedium
1210 5070 1342 5139 adhibuit,
1355 5079 1383 5128 el
1394 5074 1500 5127 nalurae
1511 5055 1694 5122 infirmitatem
1713 5060 1842 5115 immuta·

202 5188 262 5237 ram
285 5180 383 5233 erexit.
407 5178 466 5235 Non
493 5180 572 5238 aliter
598 5180 737 5253 lioysem,
761 5196 842 5251 quem
866 5178 997 5237 beneficio
1049 5174 1097 5231 vit.
1126 5165 1189 5227 linc
1212 5178 1302 5225 autem
1323 5167 1359 5222 ita
1373 5178 1403 5241 se
1418 5162 1528 5227 babere,
1543 5156 1620 5216 iacilc
1630 5152 1710 5213 luerit
1719 5153 1756 5211 'ex
1766 5152 1842 5209 Pauli

202 5264 291 5369 abacti
304 5268 432 5337 expulere
443 5268 546 5336 ludaei,
561 5270 642 5327 homo
661 5271 789 5327 barbarus
802 5270 898 5327 lotiror
918 5285 997 5327 cnce-
1049 5260 1330 5329 vocibusimelligere.
1344 5256 1410 5312 Nam
1426 5246 1782 5321 miraculaquidemederre
1795 5258 1841 5301 so-
1891 5242 1897 5250 '

204 5364 302 5463 prt,'et
320 5358 432 5414 multam
454 5358 482 5415 in
505 5372 566 5415 eum
588 5360 739 5416 comitatem
754 5368 781 5415 et
804 5359 996 5415 humanitatem
1050 5358 1116 5423 iere,
1132 5354 1194 5411 audi
1204 5368 1258 5425 quo
1271 5360 1348 5424 pacto
1363 5356 1475 5407 testetur
1489 5364 1497 5403 a
1510 5344 1544 5402 Et
1556 5349 1589 5400 ire
1610 5336 1759 5413 magnitudo
1769 5352 1841 5393 reue-

205 5447 337 5555 cabrbuit.
355 5448 400 5553 §lc
414 5448 541 5507 batldem
554 5450 618 5508 Saul
636 5458 695 5541 post
713 5458 877 5521 amputatum
891 5444 997 5505 Goliatb
1050 5447 1174 5502 lotionem
1191 5444 1298 5501 atatim
1321 5458 1372 5510 me,
1382 5441 1457 5495 dorus
1478 5428 1608 5493 ert'rmiri‘
1623 5432 1739 5488 ariarates
1759 5427 1843 5484 camir

205 5549 289 5613 caput
301 5549 391 5647 epecrt,
400 5550 462 5616 post
475 5541 549 5599 milis
559 5540 677 5613 pericula
689 5556 747 5613 quae
759 5541 793 5596 ab
803 5540 861 5611 ejus
871 5540 998 5597 civitatis·
1051 5555 1121 5608 mec,
1134 5538 1241 5613 angetur
1255 5536 1370 5604 Solone,
1382 5539 1409 5589 at
1422 5546 1461 5586 me
1472 5528 1614 5601 colcpliaet
1627 5526 1666 5598 (a.
1677 5507 1790 5582 Gorss'ii.
1801 5518 1840 5592 l).

204 5648 257 5705 que
264 5634 415 5694 mulcibres
425 5648 496 5711 saepe
504 5634 656 5712 depulerat:
667 5632 777 5692 dnobus
784 5640 873 5717 autem
885 5648 929 5689 rex
941 5632 998 5689 bar·
1050 5630 1165 5688 liilicere
1176 5644 1258 5703 porro
1271 5624 1408 5693 miracula,
1423 5630 1452 5678 ot
1465 5622 1555 5694 quiea
1568 5613 1681 5677 oemunt
1689 5636 1703 5685 ·,·
1712 5612 1842 5687 majorem

192 5726 331 5843 ibororum
353 5730 466 5801 excepit,
483 5737 509 5786 et
531 5729 557 5786 in
572 5742 695 5804 stagnum
707 5728 835 5786 bonorem
850 5716 947 5785 crexit.
958 5724 995 5783 lta
1052 5724 1203 5797 concipiam
1215 5722 1366 5794 opinionem
1381 5716 1415 5775 de
1427 5703 1770 5788 itttsmqmouseumtm,
1790 5708 1841 5765 iroc

984 5838 1037 5857 ι’*
