4142 6342
179 320 231 380 525
726 314 760 373 ΙΝ
778 313 890 387 tabita,
911 314 1015 375 ttatta
1036 316 1221 380 attestata.
1763 333 1817 393 bib

178 431 258 507 igitur
270 442 324 486 non
336 426 460 484 omnibus
473 427 526 485 illie
537 420 586 485 ista
599 424 727 501 loquitur,
739 428 788 484 sed
800 428 832 483 iis
844 423 889 497 qui
899 427 969 485 iuter
1025 426 1134 488 laudare
1143 431 1307 502 defunctam,
1317 420 1373 493 tum
1384 437 1562 495 contentionis
1570 446 1599 496 et
1608 455 1702 513 pagna
1709 450 1819 511 occasio

174 520 299 579 besaines
311 520 549 577 incontinentiam
561 528 634 586 sunt,
649 528 675 576 et
686 517 765 575 iaclle
774 518 832 589 capi
846 521 967 589 possunt:
1023 534 1058 575 es
1071 520 1193 579 laudibus
1207 524 1278 583 libus
1291 526 1412 584 offertur.
1434 531 1474 585 Aa
1494 528 1626 589 defunctis
1640 533 1747 605 quidem
1762 536 1815 595 ini·

174 612 215 669 sie
228 612 308 685 etiam
324 594 375 667 irae
386 610 445 666 laco
457 610 581 667 mulieres
594 596 744 682 expugnatu
755 608 856 677 faciles,
868 616 899 681 et
909 619 969 681 que
1022 608 1099 665 nricis
1117 614 1321 671 reconciliamur
1333 615 1338 681 ς
1352 618 1500 691 eademque
1515 621 1569 679 stne
1585 621 1639 679 vita
1659 623 1766 683 illorum
1788 638 1819 687 ct

175 702 291 759 nan'ita
311 699 388 759 tactis
403 701 522 773 perferre
542 700 969 773 possunteractnminviduitate
1022 708 1142 756 nostrum
1163 702 1190 757 in
1220 703 1281 761 ilios
1300 707 1391 763 odium
1421 711 1579 768 terminatur
1604 730 1611 767 ε
1636 714 1664 771 in
1687 718 1818 775 uxoribus

176 788 285 851 risendi
307 794 456 859 rationem,
482 792 620 861 bortatur,
635 800 663 849 et
675 793 800 861 consulit,
814 800 844 849 nt
855 794 968 849 alterum
1021 799 1111 846 autem
1132 794 1296 851 contrarium
1319 798 1424 867 perdtus
1444 800 1542 859 evenit.
1562 803 1647 871 Quam
1667 806 1738 863 enim
1758 824 1814 867 non

176 886 262 939 virum
277 882 455 947 introdutaat.
479 882 526 939 Est
534 882 610 940 'enim
631 883 808 955 resqnaedam
819 883 917 955 duplex
929 883 969 939 vi·
1020 880 1097 947 vidit,
1111 896 1190 952 quam
1204 898 1258 939 non
1269 885 1389 953 audivit,
1404 904 1419 944 a
1434 904 1485 960 qua
1501 891 1567 948 nibil
1581 902 1623 950 est
1636 896 1699 951 mali
1713 913 1814 971 passa,

174 971 271 1035 duitas.
287 974 356 1043 anta
379 974 431 1032 bae
451 981 493 1031 est
507 974 614 1031 modern
627 974 743 1047 duplex?
756 974 889 1030 Bonorum
904 988 968 1045 ope·
1021 970 1091 1027 banc
1103 972 1165 1029 odio
1180 974 1351 1047 prosequitur
1363 986 1390 1033 et
1403 991 1558 1049 aversatur,
1573 998 1604 1040 ac
1623 1002 1743 1054 nenrars
1754 988 1814 1062 qui·

174 1064 557 1137 rrrnrspectmen,etlronoris
574 1066 672 1123 summi
685 1066 827 1138 fastigium.
843 1066 876 1124 ttr
889 1067 967 1138 igitur
1003 1058 1082 1133 ,dem
1096 1061 1186 1118 adium
1207 1065 1361 1136 exstinguit.
1375 1064 1441 1135 Qtris
1454 1084 1579 1141 umquam
1594 1070 1750 1149 vidii,quis
1763 1094 1813 1136 atr·
1903 1115 1905 1119 -

173 1156 317 1215 est'etism
330 1170 375 1215 res
394 1158 528 1231 ‘quadam'
541 1156 639 1229 duplex
661 1159 831 1230 magistratus
854 1175 861 1213 :
887 1156 967 1213 balret
1019 1150 1086 1206 dlvii
1104 1153 1262 1225 zelotypiam
1281 1155 1308 1212 in
1329 1157 1466 1227 pulverem
1478 1202 1487 1228 ,
1501 1176 1616 1234 pugnam
1635 1180 1697 1222 eum
1721 1161 1812 1227 cinam

173 1248 246 1305 enirn
261 1244 382 1319 et'apera
405 1258 434 1306 et
453 1248 624 1321 dignitatem
637 1246 752 1320 dignitas
766 1246 871 1327 quidem
885 1242 968 1319 aragi-
1019 1244 1190 1313 susceptam?

174 1327 274 1395 stratas
290 1338 335 1395 'est
357 1334 529 1409 panstasiet
539 1338 628 1394 cultus
640 1338 709 1410 quia
723 1338 801 1409 vulga
815 1337 964 1403 exhibetur,
1055 1334 1081 1390 6.
1103 1335 1156 1393 Sed
1170 1351 1223 1393 stan
1245 1352 1364 1413 eousque
1386 1348 1487 1397 tantmn
1503 1344 1671 1416 progreditur
1689 1348 1788 1405 malurn
1804 1368 1810 1402 :

172 1426 202 1488 et
217 1432 304 1503 ipsunt
323 1428 384 1487 essa
404 1429 700 1503 magistratnm;'opera
718 1442 783 1485 vera
797 1428 966 1500 magistratus
1019 1427 1083 1497 quin
1096 1428 1176 1483 etium
1189 1428 1246 1485 sive
1259 1446 1292 1486 ex
1306 1433 1422 1488 secunda
1443 1433 1499 1489 nati
1513 1434 1566 1490 sint
1577 1435 1745 1505 llberi‚sive
1759 1455 1812 1493 non
1871 1489 1881 1507 ,

173 1528 236 1579 sunt
256 1504 477 1593 injuria'allectis
498 1533 665 1589 succurrere,
682 1518 827 1595 inferentes
844 1518 965 1589 injuriam
1019 1516 1074 1571 sint
1087 1518 1152 1587 nati,
1166 1534 1254 1591 pugna
1268 1537 1361 1578 rursus
1373 1530 1401 1579 et
1414 1522 1550 1580 conantio
1562 1525 1692 1584 exoritur.
1707 1523 1813 1584 tiamsi
1913 1512 1917 1517 ’

174 1626 355 1688 compescere,
369 1610 479 1667 urbibus
491 1625 618 1684 praesse,
634 1607 865 1667 in'cornmunibus
880 1610 967 1681 reiput

165 1703 251 1771 ,alteas
272 1702 345 1759 euris
362 1701 520 1759 maubando
537 1692 705 1775 pernoctare,
719 1712 747 1757 et
766 1702 864 1772 reliqua
889 1702 966 1757 iuna·

174 1808 249 1851 mera
263 1810 272 1851 a
284 1794 323 1849 sia
333 1800 363 1861 et
376 1793 490 1859 viduitas
504 1801 531 1850 et
542 1792 656 1865 dignitas
666 1799 708 1851 est
717 1800 745 1848 ot
754 1806 837 1863 opus:
851 1792 965 1847 maxima

173 1884 345 1957 dignitasest
365 1883 472 1940 vidam
497 1897 569 1954 esse,
588 1886 619 1939 tit
631 1884 964 1950 antedsrnanstravimns;

172 1978 240 2046 opus·
249 1982 293 2031 est
305 1974 451 2033 emundata
466 1976 589 2032 marnam
602 1976 654 2033 sibi
669 1990 721 2031 non
736 1975 901 2042 adsciscere,
917 1974 965 2031 sed

173 2064 255 2137 'priori
265 2072 336 2124 'esse
352 2068 519 2135 ‘contentam
534 2067 603 2124 lilios
622 2066 746 2135 educare,
769 2068 884 2139 bqspltio
897 2068 966 2123 rcci-

172 2159 248 2231 p'ere',
260 2152 344 2229 pedes
362 2167 515 2215 sanctorum
533 2157 632 2226 lavare,
645 2158 843 2215 tribulationem
863 2156 966 2229 patien-

173 2251 243 2308 tibus
256 2250 469 2317 subministrare,
480 2258 560 2307 omne
570 2263 637 2321 opus
650 2248 749 2307 botrum
757 2248 864 2306 securi
874 2248 965 2321 ltaque

151 2334 271 2397 'Psalm
292 2340 328 2399 de
349 2341 404 2397 illis
426 2328 538 2413 laquens
559 2354 640 2412 opera
655 2340 762 2413 quidem
775 2340 865 2396 omnia
879 2340 966 2397 staua

171 2432 236 2489 sinit
248 2431 322 2489 illam
335 2432 465 2505 perlicere
477 2448 484 2489 a
497 2432 530 2488 ad
543 2432 699 2505 dignitatem
717 2434 807 2490 autem
820 2432 917 2501 viduae,
933 2448 966 2489 ae

169 2522 282 2591 datvm,
304 2521 466 2579 etordinem
491 2522 564 2579 illstn
585 2521 697 2593 provehi
720 2538 774 2579 nan
787 2522 861 2591 sinit,
879 2522 966 2580 donec

172 2598 448 2682 &immissionem
458 2612 625 2683 preterierit,
634 2612 710 2684 quasi
721 2611 802 2669 dieat:
810 2613 897 2687 Opera
907 2616 965 2686 que

172 2702 235 2759 dem
248 2702 333 2767 viduam
344 2699 602 2776 iaciat,³dlgnitstent
615 2720 679 2763 vero
694 2713 749 2762 turn
762 2706 890 2775 obtineat,
903 2722 965 2764 cum

171 2794 217 2852 lsis
227 2796 351 2853 omnibus
363 2795 489 2867 perlemis
507 2798 678 2855 securitatem
690 2798 821 2856 beneilcia
836 2800 965 2875 temporis

172 2886 314 2958 assequutus
325 2885 411 2955 luerit,
427 2895 454 2945 et
465 2903 499 2950 ex
511 2888 637 2963 operibus
659 2888 914 2948 demonstrationem
933 2904 966 2949 ac

172 2978 354 3035 testimoniam
372 2985 524 3039 externum.
552 2980 637 3039 Nemo
650 2982 714 3039 solis
727 2982 883 3041 mulieribus
894 2983 965 3039 arbi·

171 3078 259 3128 trctur
277 3071 425 3128 orationem
438 3072 592 3129 convenire.
608 3072 674 3129 Nam
684 3082 712 3131 et
722 3074 786 3131 viris
802 3073 920 3147 prodest,
936 3082 965 3130 ut

118 3202 123 3207 .
172 3170 199 3217 et
211 3162 262 3233 ipsi
284 3160 417 3219 defunctis
440 3163 569 3220 uxoribus
591 3158 648 3221 suis
666 3165 783 3221 contenti
797 3165 861 3233 sint,
876 3181 965 3237 neque

170 3252 255 3309 velint
265 3244 327 3309 eum
338 3253 431 3311 liberis
441 3254 496 3311 suis
510 3254 611 3311 laenas
623 3254 754 3325 habitare,
765 3256 828 3313 dum
836 3269 964 3313 novercas

171 3338 363 3412 introducunt,
383 3352 410 3402 et
427 3359 503 3401 suam
517 3360 625 3402 omnem
640 3346 809 3403 securitatem
829 3358 961 3403 evertunt.

178 3460 181 3465 ·
208 3432 236 3491 5.
257 3431 410 3490 maturus
427 3436 461 3490 ad
477 3438 680 3509 monogamiam,
696 3454 741 3493 uec
757 3438 861 3494 duntaat
875 3455 964 3495 secuu-

172 3525 220 3581 titts
233 3524 344 3596 nuptias.
355 3554 391 3567 ·-
401 3526 464 3583 lime
478 3535 567 3584 autern
589 3524 605 3583 'a
620 3527 696 3585 nobis
709 3527 852 3599 dicuntur,
868 3544 922 3586 aon
936 3540 964 3585 ut

172 3616 303 3673 secandas
313 3617 548 3689 sverssrl'naptias
560 3618 757 3689 praecipiamus
772 3620 817 3676 sed
834 3616 862 3677 ut¹
874 3618 964 3677 horte

172 3720 234 3762 ntur
247 3714 275 3763 et
288 3706 474 3777 consulamus,
496 3708 630 3779 prioribus
642 3724 702 3766 esse
718 3718 868 3768 contentos.
885 3712 963 3768 Aliud

171 3796 214 3852 est
226 3794 374 3865 adhortari,
388 3798 459 3855 aliud
473 3800 627 3871 praecipere.
638 3800 704 3857 Nam
716 3803 761 3873 qui
772 3802 928 3859 adhortatur
937 3814 964 3859 et

172 3884 308 3955 consulit,
321 3886 348 3942 in
363 3888 473 3945 arbitria
486 3904 518 3945 ae
537 3896 668 3961 potestate
680 3892 805 3963 relinquit
817 3892 962 3960 auditoris,

78 3996 81 4001 ·
172 3980 204 4031 ut
215 3974 464 4047 quodcansnlatur'
477 3980 558 4053 eligat
574 3999 581 4037 ι
597 3982 642 4053 qui
657 3998 720 4039 vcro
741 3986 879 4058 praecipit,
895 3984 963 4041 banc

161 4065 544 4141 ‘incultatcmcjusmodinon
563 4072 703 4143 pemittit.
718 4074 754 4129 Αι
774 4074 892 4134 Ecclesia
913 4076 964 4130 ista

173 4170 227 4211 nan
238 4158 366 4229 praecipit,
378 4160 425 4217 sed
436 4161 559 4218 ltortatur
570 4163 656 4219 solum
669 4180 676 4217 ι
690 4164 821 4237 siqnidem
833 4166 964 4223 secundas

172 4246 253 4303 otiam
268 4249 374 4321 nuptias
388 4252 508 4321 permisit
520 4252 619 4309 Paulum
632 4270 693 4309 curu
708 4254 743 4311 ita
765 4254 831 4311 dixit
846 4270 854 4309 a
871 4256 965 4312 diutiss

171 4338 278 4411 altipeta
288 4349 327 4397 est
339 4342 406 4413 legi,
421 4352 514 4415 quauta
527 4352 637 4417 tearpore
649 4347 688 4401 uir
701 4346 754 4417 eius
768 4347 826 4403 tivit
841 4362 850 4402 :
864 4348 932 4420 quot
943 4348 966 4403 si

171 4432 301 4493 doratierit
315 4436 353 4491 ab
361 4436 428 4507 ejas,
440 4437 518 4492 libera
531 4446 584 4504 est,
598 4439 641 4493 eui
652 4436 707 4495 uuit
719 4438 815 4507 arabat,
830 4449 927 4496 tautam
938 4443 965 4497 in

151 4518 294 4609 imaeue.
306 4524 410 4582 amram
428 4536 465 4583 est
476 4538 560 4584 autem
572 4530 595 4584 si
613 4531 650 4585 sie
669 4532 833 4601 permanserit
845 4532 889 4605 (l.
904 4532 963 4590 Car.

172 4614 200 4670 7.
212 4611 258 4671 ab.
272 4614 307 4672 id
316 4616 338 4688 i.
349 4614 385 4673 ttt
393 4617 472 4689 igitur
480 4616 580 4675 bonurn
591 4628 632 4676 est
640 4621 804 4693 eonjugium,
815 4621 863 4680 sed
872 4625 966 4682 melior

171 4714 215 4763 est
227 4706 387 4778 virginitas:
403 4708 440 4765 ita
453 4710 553 4767 bonum
567 4712 674 4782 quidem
688 4722 728 4769 est
742 4715 889 4773 secundum
902 4733 967 4775 cou-

169 4794 293 4877 iugium,
306 4797 354 4853 sed
368 4798 464 4856 mellus
475 4809 517 4856 est
532 4800 647 4871 primum
660 4811 688 4858 et
702 4801 802 4859 solum·
813 4802 872 4862 Nou
887 4806 967 4879 igitur

169 4889 326 4963 coniugium
344 4892 490 4949 mundum
504 4892 639 4965 rejicimus
651 4936 659 4963 ,
673 4911 760 4967 neque
771 4897 830 4953 hac
844 4900 966 4971 praceipi-

171 4994 253 5049 mus,
269 4981 317 5038 sed
335 4980 524 5053 mbartamur,
538 4992 567 5041 ut
581 4985 603 5041 si
623 4986 682 5057 quis
694 4988 844 5045 castitatem
859 5004 968 5047 servare

171 5072 277 5141 possit,
297 5074 332 5129 ιιι
353 5077 437 5145 priori
457 5086 609 5137 cananeus.
631 5078 811 5139 Cotrortamur
829 5093 918 5139 autem
940 5092 968 5140 ct

172 5158 338 5218 consulimus
348 5164 381 5219 ad
391 5166 575 5226 stabilienuam
588 5169 683 5228 domus
693 5174 864 5229 securitatem
878 5192 884 5227 ι
897 5189 968 5245 sape

173 5255 427 5323 namquc‘secnndte
439 5268 537 5327 nuptae
551 5260 765 5331 quotidianarum
779 5272 806 5319 et
820 5278 967 5335 pugnarum

172 5351 203 5400 et
222 5344 423 5401 contentionum
448 5346 550 5405 initiunt
574 5360 602 5405 et
625 5354 792 5408 occasionem
813 5348 967 5409 attulerunt.

1017 1610 1073 1664 nati
1086 1624 1140 1666 non
1155 1612 1227 1680 sint,
1242 1614 1336 1684 majori
1360 1630 1477 1673 ntoerore
1499 1618 1655 1686 conficitur,
1670 1626 1697 1675 et
1716 1617 1767 1675 bac
1778 1619 1813 1677 de

1018 1700 1098 1754 causa
1118 1708 1196 1756 natos
1216 1717 1250 1757 ex
1271 1704 1353 1773 priori
1367 1714 1502 1775 tamquam
1521 1706 1633 1773 hostes,
1648 1712 1675 1763 et
1689 1724 1704 1762 a
1717 1694 1814 1779 quibus

1018 1789 1142 1847 maximis
1156 1792 1190 1847 sit
1203 1791 1296 1849 allecta
1312 1795 1426 1866 injuriis,
1440 1798 1567 1867 intuetur,
1582 1799 1645 1854 dum
1660 1816 1693 1855 ex
1705 1799 1812 1859 iliorum

1018 1876 1072 1932 vita
1092 1879 1238 1936 sterilitatis
1258 1896 1315 1937 suaa
1332 1898 1441 1940 sensum
1461 1888 1532 1957 capit
1552 1886 1692 1958 majorem.
1707 1890 1735 1945 Si
1749 1907 1814 1946 vero

1018 1966 1074 2022 nati
1088 1967 1160 2035 sins,
1180 1984 1275 2026 rursus
1289 1971 1372 2029 nilsila
1389 1976 1478 2030 minus
1488 1976 1596 2031 ‘malum
1610 1988 1660 2049 est.
1675 1976 1813 2053 Siquidem

1018 2058 1130 2115 maritus
1149 2074 1335 2131 saepenumero
1357 2064 1425 2121 bene
1446 2063 1559 2123 allectus
1577 2082 1641 2139 erga
1660 2067 1813 2126 deiunctam
1857 2110 1872 2125 ,

1018 2146 1070 2204 bos
1081 2151 1267 2220 amplectitur,
1281 2162 1309 2209 et
1324 2166 1416 2235 amore
1430 2155 1510 2211 simul
1531 2172 1564 2215 ae
1583 2158 1767 2216 nrisericordia
1786 2144 1814 2216 in

1018 2238 1079 2297 illas
1088 2250 1197 2313 propter
1208 2244 1350 2303 orbitatem
1362 2258 1564 2307 commovetur:
1579 2261 1606 2306 at
1620 2248 1666 2307 illa
1680 2267 1744 2308 suos
1756 2252 1816 2309 ubi·

1018 2346 1070 2401 que
1081 2333 1201 2404 pralerri
1213 2336 1289 2403 vult,
1302 2349 1335 2394 ac
1352 2350 1403 2394 nec
1420 2338 1533 2395 fratrum
1552 2342 1614 2398 illos
1632 2340 1726 2399 baberi
1739 2344 1812 2407 loco,

1017 2422 1066 2480 sed
1076 2425 1241 2498 abjectorum
1255 2418 1416 2486 famulorum
1431 2442 1438 2485 t
1455 2429 1617 2502 quaomnia
1629 2432 1738 2491 domum
1751 2449 1816 2505 pos·

1018 2522 1082 2571 sunt
1092 2516 1258 2588 subvertere,
1273 2533 1304 2576 ac
1314 2520 1393 2576 vitam
1405 2525 1502 2579 marita
1512 2522 1637 2580 acerbam
1649 2535 1676 2581 et
1689 2524 1813 2583 intestam

1017 2603 1140 2661 reddere
1159 2605 1303 2679 Propterea
1318 2608 1351 2666 ad
1374 2611 1532 2668 servandam
1552 2614 1701 2670 castitatem
1713 2614 1814 2672 adber-

1018 2699 1108 2750 tamar
1119 2736 1127 2761 ,
1140 2696 1163 2751 si
1176 2696 1233 2753 lieri
1253 2699 1356 2769 possit,
1369 2708 1397 2757 et
1411 2709 1441 2757 ut
1453 2702 1534 2774 priori
1553 2702 1677 2775 conjugio
1695 2706 1815 2763 eanmnti

1017 2779 1097 2850 sitis,
1114 2794 1139 2841 et
1154 2802 1242 2859 neque
1255 2788 1345 2850 masiti
1358 2805 1473 2862 unxores,
1488 2808 1575 2864 neque
1592 2810 1689 2851 uxores
1703 2798 1814 2853 maritos

1017 2876 1178 2949 adsciscant,
1200 2894 1235 2937 ne
1255 2883 1365 2940 domum
1386 2899 1461 2941 suam
1477 2900 1585 2943 ornnem
1607 2902 1705 2959 susque
1726 2886 1814 2959 deque

1017 2979 1132 3027 vertant.

1050 3060 1197 3145 ‘Virginitas
1218 3067 1273 3123 siue
1291 3067 1421 3126 uirtutibus
1439 3068 1499 3127 aliis
1517 3089 1569 3127 aaa
1589 3070 1700 3143 prodest.
1711 3105 1746 3131 η-
1758 3072 1814 3130 Cur

1017 3162 1106 3210 autem
1119 3171 1180 3212 eum
1195 3154 1229 3213 de
1241 3158 1369 3215 viduitate
1385 3159 1552 3229 dissereret,
1567 3163 1649 3233 priori
1669 3163 1727 3219 solo
1745 3179 1812 3219 con·
1885 3166 1889 3171 ’

1016 3250 1108 3301 tentum
1121 3262 1174 3301 non
1190 3240 1255 3313 luit,
1270 3262 1331 3305 cunt
1344 3249 1430 3319 dixit,
1450 3248 1532 3307 Urtius
1555 3250 1602 3308 sisi
1616 3254 1702 3309 eaor?
1720 3252 1756 3311 Ut
1769 3254 1812 3309 iu-

1018 3336 1156 3408 telligssid
1164 3337 1271 3395 viduam
1282 3354 1335 3395 nau
1345 3340 1444 3408 iacere,
1457 3341 1479 3397 si
1490 3342 1608 3399 seeundo
1618 3344 1717 3400 marito
1725 3345 1812 3412 solum

1018 3434 1162 3499 utcumque
1176 3443 1230 3484 non
1244 3430 1342 3498 nubat,
1353 3430 1400 3487 sed
1415 3432 1437 3487 si
1451 3430 1530 3488 botris
1543 3434 1678 3504 operibus,
1694 3433 1813 3490 eleemo·
1880 3476 1886 3485 .

1019 3529 1096 3589 syna,
1108 3516 1282 3588 benignitate,
1294 3528 1374 3591 atque
1384 3520 1479 3577 ellicils
1490 3538 1552 3594 erga
1563 3524 1719 3595 peregriaos
1730 3522 1814 3581 abun-

1017 3605 1064 3662 det
1081 3605 1194 3678 (distiti.
1211 3605 1273 3679 25).
1286 3608 1354 3664 Nam
1368 3610 1391 3664 si
1405 3611 1552 3681 tirginibns
1563 3612 1629 3667 nibil
1646 3612 1743 3683 proluit
1758 3614 1814 3669 vir·

1016 3698 1115 3768 ginitas
1127 3698 1251 3771 (tametsi
1264 3702 1348 3756 multo
1360 3702 1447 3771 major
1458 3714 1499 3759 est
1511 3704 1639 3760 viduitate
1649 3706 1814 3776 virginitas),

1018 3790 1065 3846 sed
1078 3806 1141 3846 cum
1153 3792 1180 3845 ia
1191 3792 1359 3863 lampadibus
1373 3793 1478 3850 illarum
1493 3794 1561 3865 ignis
1574 3806 1644 3852 esset
1654 3798 1813 3859 exstinctus.

1018 3883 1162 3951 ignominia
1178 3882 1281 3939 allecta>
1295 3894 1487 3950 recesserunt,
1503 3888 1630 3957 quoniam
1642 3886 1816 3957 benignitatis

1019 3980 1046 4027 ct
1058 3972 1237 4043 eleemosynae
1251 3974 1366 4030 fructum
1381 3975 1509 4033 exhibere
1531 3978 1641 4034 minime
1654 3978 1813 4042 valuerunt,

1019 4062 1105 4117 multo
1119 4063 1203 4134 magis
1215 4063 1311 4121 vidum.
1325 4056 1406 4121 Cert'e
1427 4081 1488 4122 eum
1503 4066 1576 4121 illam
1592 4066 1747 4138 parabatam
1765 4084 1818 4126 au·

1019 4151 1103 4218 disset
1113 4152 1222 4219 Paulus,
1235 4162 1263 4210 et
1274 4154 1387 4212 istarum
1399 4171 1479 4212 causa
1494 4158 1610 4225 timeret,
1624 4159 1757 4230 exquisite
1766 4159 1815 4215 ad-

1019 4244 1128 4301 modum
1136 4256 1195 4301 ram
1207 4246 1351 4315 examinat,
1363 4264 1397 4304 ne
1408 4247 1475 4305 iorte
1484 4258 1594 4321 propter
1602 4251 1709 4308 unicum
1719 4252 1815 4307 matri-

1019 4338 1139 4395 monium
1153 4338 1203 4395 sibi
1213 4339 1379 4396 contuentes
1391 4340 1507 4411 reliquas
1516 4342 1627 4396 virtutes
1638 4341 1823 4413 negligerent..

1020 4430 1164 4503 Propterea
1174 4432 1258 4501 dicit,
1272 4432 1305 4489 in
1325 4433 1441 4503 operibus
1455 4434 1526 4489 banis
1541 4436 1709 4490 testinnonium
1722 4435 1816 4493 babens

1020 4520 1065 4595 (l.
1078 4522 1143 4579 Tim.
1155 4523 1182 4580 5.
1194 4522 1257 4597 ta).
1269 4522 1306 4581 tu
1317 4524 1389 4603 enim
1398 4523 1497 4580 bonum
1508 4523 1815 4597 estvirginltas,absque

1021 4617 1125 4674 caeteris
1146 4624 1236 4673 autem
1255 4616 1418 4673 infructuosa
1438 4615 1487 4682 sti,
1502 4623 1530 4671 ct
1550 4616 1702 4672 aconclavi
1722 4616 1816 4685 sponsi

1021 4707 1141 4764 excludit
1156 4724 1163 4762 :
1179 4708 1218 4763 sic
1231 4714 1259 4762 et
1270 4706 1385 4762 viduitas
1399 4707 1498 4763 bonum
1512 4714 1563 4775 est,
1578 4707 1626 4762 sed
1640 4706 1699 4762 sine
1712 4705 1816 4760 virtuti·

1021 4802 1072 4857 bns
1085 4801 1189 4861 caeteris
1200 4814 1267 4855 rana
1278 4813 1322 4855 res
1336 4806 1378 4856 est
1389 4806 1416 4854 ct
1430 4798 1574 4869 superflua.
1589 4799 1732 4871 Propterea
1746 4797 1815 4852 Pau·
1915 4800 1918 4807 '

1023 4892 1065 4948 lus
1077 4891 1141 4946 dum
1156 4890 1322 4958 colrortstur,
1336 4905 1390 4945 non
1403 4874 1523 4960 eousque
1536 4890 1621 4946 solum
1636 4888 1816 4960 progreditur,
1889 4876 1896 4888 “

1022 4992 1053 5036 ut
1062 4996 1115 5038 nan
1125 4995 1185 5037 esse
1195 4979 1454 5051 superinducendnm
1467 4981 1613 5060 secundum
1625 4982 1748 5037 maritum
1759 4994 1817 5043 sua·
1901 5000 1904 5005 ·

1022 5074 1095 5142 deat,
1110 5073 1158 5129 sed
1170 5081 1199 5127 ιι
1211 5072 1262 5127 alia
1276 5072 1351 5143 plura
1365 5082 1393 5128 et
1406 5072 1508 5143 majora
1523 5072 1662 5142 requisita
1678 5070 1766 5126 vidua.
1782 5070 1817 5126 Et

1022 5164 1246 5237 quemadmodum
1262 5163 1298 5229 ii,
1312 5165 1357 5235 qui
1372 5166 1484 5221 militum
1495 5163 1625 5219 delectum
1638 5162 1746 5230 babent,
1758 5177 1817 5217 cor·

1023 5258 1097 5329 poris
1110 5256 1207 5313 bonam
1222 5255 1405 5312 habitudinem
1421 5258 1558 5327 requirnnt
1572 5256 1628 5309 :ita
1643 5254 1707 5323 liic,
1723 5256 1767 5325 qui
1782 5254 1817 5308 ad

1023 5353 1169 5410 exercitum
1177 5352 1276 5408 Christi
1293 5353 1363 5410 banc
1379 5354 1481 5425 deligit,
1491 5351 1587 5408 bonam
1606 5352 1817 5409 animsclrabitu-

172 5432 250 5495 Sane
266 5434 404 5494 multoties
423 5438 532 5505 evenit,
549 5450 579 5495 ut
599 5442 720 5499 assidens
741 5438 840 5499 ntensnr
859 5444 969 5501 maritus
1023 5446 1114 5501 dinem
1124 5446 1273 5517 requisivit,
1285 5455 1313 5503 et
1324 5445 1517 5511 tortitudinem,
1529 5455 1557 5500 et
1569 5444 1594 5500 in
1606 5447 1729 5503 amnibus
1740 5447 1829 5502 bonis·

172 5527 273 5599 prioris
286 5528 378 5585 axoris
397 5530 574 5600 recordatus,
588 5533 684 5591 leniter
695 5534 758 5591 deut
773 5553 780 5589 :
795 5544 822 5591 at
843 5536 888 5592 illa
901 5552 968 5593 eon·
1023 5536 1287 5607 operibusstndium,
1301 5538 1338 5593 ita
1351 5537 1463 5593 dicens:
1478 5537 1509 5610 Si
1517 5536 1722 5612 fiiioseducuuit,
1737 5539 1760 5594 si
1773 5541 1818 5595 lto·

173 5618 264 5675 iestim
277 5621 460 5691 excandescit,
476 5633 503 5679 et
517 5632 651 5696 tamquam
667 5628 722 5683 iera
736 5627 829 5696 insilit,
845 5638 870 5685 et
887 5630 927 5685 sui
942 5631 967 5685 in
1024 5629 1100 5699 abitio
1113 5630 1217 5702 eremit,
1231 5630 1254 5684 si
1262 5624 1413 5685 sanctorum
1422 5627 1497 5698 pedes
1512 5627 1583 5693 iuuit,
1596 5628 1620 5682 si
1631 5628 1818 5706 tribulationem

172 5706 249 5767 llam
263 5712 364 5768 amaris
383 5715 418 5770 ab
441 5729 474 5771 ea
496 5730 589 5787 poetsas
609 5718 700 5789 exigit.
723 5718 799 5787 Quod
818 5722 840 5776 si
856 5722 966 5779 volrmr’t
1000 5786 1003 5793 ἢ
1026 5720 1175 5777 sarientibus
1190 5718 1404 5790 subministravit,
1419 5718 1441 5774 si
1454 5735 1527 5773 arurae
1541 5734 1604 5789 opus
1618 5720 1711 5775 touta
1725 5734 1818 5801 seetuttt

192 5824 198 5831 ·
296 5809 625 5876 alamannam.
647 5810 702 5874 ttl.
1541 5804 1694 5931 ‘pomp
1742 5812 1749 5821 ·
1791 5814 1802 5845 x
