<?xml version="1.0" encoding="UTF-8"?>
<!DOCTYPE html PUBLIC "-//W3C//DTD XHTML 1.0 Transitional//EN"
    "http://www.w3.org/TR/xhtml1/DTD/xhtml1-transitional.dtd">
<html xmlns="http://www.w3.org/1999/xhtml" xml:lang="en" lang="en">
 <head>
  <title>
</title>
<meta http-equiv="Content-Type" content="text/html;charset=utf-8" />
  <meta name='ocr-system' content='tesseract 3.04.00' />
  <meta name='ocr-capabilities' content='ocr_page ocr_carea ocr_par ocr_line ocrx_word'/>
</head>
<body>
  <div class='ocr_page' id='page_1' title='image "./patrologicursus83migngoog_0644.png"; bbox 0 0 4142 6342; ppageno 0'>
   <div class='ocr_carea' id='block_1_1' title="bbox 321 274 1925 448">
    <p class='ocr_par' dir='ltr' id='par_1_1' title="bbox 321 274 1925 448">
     <span class='ocr_line' id='line_1_1' title="bbox 321 274 1925 448; baseline 0.058 -107"><span class='ocrx_word' id='word_1_1' title='bbox 321 274 378 338; x_wconf 63' lang='lat'>⁸35</span> <span class='ocrx_word' id='word_1_2' title='bbox 475 290 505 350; x_wconf 81' lang='lat' dir='ltr'>S.</span> <span class='ocrx_word' id='word_1_3' title='bbox 524 295 619 361; x_wconf 81' lang='lat' dir='ltr'>tutti.</span> <span class='ocrx_word' id='word_1_4' title='bbox 639 303 825 370; x_wconf 78' lang='lat' dir='ltr'>citnlsosu.</span> <span class='ocrx_word' id='word_1_5' title='bbox 847 313 1004 376; x_wconf 73' lang='lat' dir='ltr'>tuentur.</span> <span class='ocrx_word' id='word_1_6' title='bbox 1025 321 1294 392; x_wconf 78' lang='lat' dir='ltr'>CONSTAN&#39;llNOP.</span> <span class='ocrx_word' id='word_1_7' title='bbox 1317 337 1433 402; x_wconf 74' lang='lat' dir='ltr'>stulto</span> <span class='ocrx_word' id='word_1_8' title='bbox 1451 347 1522 408; x_wconf 81' lang='lat' dir='ltr'>dtttt</span> <span class='ocrx_word' id='word_1_9' title='bbox 1542 353 1621 414; x_wconf 75' lang='lat' dir='ltr'>ntur</span> <span class='ocrx_word' id='word_1_10' title='bbox 1641 359 1675 418; x_wconf 88' lang='grc' dir='ltr'>ΙΝ</span> <span class='ocrx_word' id='word_1_11' title='bbox 1695 363 1799 430; x_wconf 78' lang='lat' dir='ltr'>uisu.</span> <span class='ocrx_word' id='word_1_12' title='bbox 1888 387 1925 448; x_wconf 71' lang='lat' dir='ltr'>tpp</span> 
     </span>
    </p>
   </div>
   <div class='ocr_carea' id='block_1_2' title="bbox 319 398 1925 623">
    <p class='ocr_par' dir='ltr' id='par_1_2' title="bbox 319 398 1925 623">
     <span class='ocr_line' id='line_1_2' title="bbox 320 398 1925 570; baseline 0.065 -112"><span class='ocrx_word' id='word_1_13' title='bbox 320 398 349 455; x_wconf 85' lang='lat' dir='ltr'>iu</span> <span class='ocrx_word' id='word_1_14' title='bbox 371 401 424 464; x_wconf 84' lang='lat' dir='ltr'>boc</span> <span class='ocrx_word' id='word_1_15' title='bbox 444 419 496 476; x_wconf 88' lang='lat' dir='ltr'>est,</span> <span class='ocrx_word' id='word_1_16' title='bbox 519 417 568 473; x_wconf 86' lang='lat' dir='ltr'>sed</span> <span class='ocrx_word' id='word_1_17' title='bbox 585 419 706 483; x_wconf 81' lang='lat' dir='ltr'>debitum</span> <span class='ocrx_word' id='word_1_18' title='bbox 727 430 922 496; x_wconf 82' lang='lat' dir='ltr'>reddoltouus</span> <span class='ocrx_word' id='word_1_19' title='bbox 935 442 1006 500; x_wconf 90' lang='lat' dir='ltr'>enim</span> <span class='ocrx_word' id='word_1_20' title='bbox 1019 447 1118 517; x_wconf 83' lang='lat' dir='ltr'>pastor</span> <span class='ocrx_word' id='word_1_21' title='bbox 1171 460 1925 570; x_wconf 70' lang='lat' dir='ltr'>autemdicoinauribueaudientium.litquitlitaadautim</span> 
     </span>
     <span class='ocr_line' id='line_1_3' title="bbox 319 489 1429 623; baseline 0.068 -77"><span class='ocrx_word' id='word_1_22' title='bbox 319 489 401 552; x_wconf 89' lang='lat' dir='ltr'>debet</span> <span class='ocrx_word' id='word_1_23' title='bbox 423 503 538 612; x_wconf 66' lang='lat' dir='ltr'>animem</span> <span class='ocrx_word' id='word_1_24' title='bbox 559 525 635 619; x_wconf 73' lang='lat' dir='ltr'>suam</span> <span class='ocrx_word' id='word_1_25' title='bbox 657 533 707 623; x_wconf 84' lang='lat' dir='ltr'>pro</span> <span class='ocrx_word' id='word_1_26' title='bbox 728 524 823 584; x_wconf 86' lang='lat' dir='ltr'>ouibus</span> <span class='ocrx_word' id='word_1_27' title='bbox 846 531 902 589; x_wconf 88' lang='lat' dir='ltr'>suis</span> <span class='ocrx_word' id='word_1_28' title='bbox 914 549 1013 606; x_wconf 90' lang='lat' dir='ltr'>ponere</span> <span class='ocrx_word' id='word_1_29' title='bbox 1025 539 1114 614; x_wconf 83' lang='lat' dir='ltr'>(loun.</span> <span class='ocrx_word' id='word_1_30' title='bbox 1169 547 1232 606; x_wconf 89' lang='lat' dir='ltr'>dum</span> <span class='ocrx_word' id='word_1_31' title='bbox 1246 555 1388 617; x_wconf 89' lang='lat' dir='ltr'>sollicitum</span> <span class='ocrx_word' id='word_1_32' title='bbox 1403 573 1429 620; x_wconf 88' lang='lat' dir='ltr'>et</span> 
     </span>
    </p>
   </div>
   <div class='ocr_carea' id='block_1_3' title="bbox 316 716 1925 934">
    <p class='ocr_par' dir='ltr' id='par_1_3' title="bbox 316 716 1925 934">
     <span class='ocr_line' id='line_1_4' title="bbox 806 716 1925 846; baseline 0.059 -75"><span class='ocrx_word' id='word_1_33' title='bbox 806 716 852 772; x_wconf 92' lang='lat' dir='ltr'>ndi</span> <span class='ocrx_word' id='word_1_34' title='bbox 874 719 984 780; x_wconf 79' lang='lat' dir='ltr'>insidias</span> <span class='ocrx_word' id='word_1_35' title='bbox 1005 730 1115 798; x_wconf 77' lang='lat' dir='ltr'>patior:</span> <span class='ocrx_word' id='word_1_36' title='bbox 1168 733 1240 792; x_wconf 87' lang='lat' dir='ltr'>nium</span> <span class='ocrx_word' id='word_1_37' title='bbox 1254 737 1400 815; x_wconf 88' lang='lat' dir='ltr'>inclinavit,</span> <span class='ocrx_word' id='word_1_38' title='bbox 1416 759 1730 832; x_wconf 88' lang='lat' dir='ltr'>nectemporisspotium</span> <span class='ocrx_word' id='word_1_39' title='bbox 1742 766 1925 846; x_wconf 58' lang='lat' dir='ltr'>imaginationi</span> 
     </span>
     <span class='ocr_line' id='line_1_5' title="bbox 316 771 1925 934; baseline 0.065 -107"><span class='ocrx_word' id='word_1_40' title='bbox 316 771 388 843; x_wconf 81' lang='lat' dir='ltr'>ipuod</span> <span class='ocrx_word' id='word_1_41' title='bbox 407 778 430 836; x_wconf 87' lang='lat' dir='ltr'>si</span> <span class='ocrx_word' id='word_1_42' title='bbox 451 794 534 858; x_wconf 87' lang='lat' dir='ltr'>esset,</span> <span class='ocrx_word' id='word_1_43' title='bbox 556 791 649 867; x_wconf 85' lang='lat' dir='ltr'>utique</span> <span class='ocrx_word' id='word_1_44' title='bbox 660 805 813 864; x_wconf 88' lang='lat' dir='ltr'>contristari</span> <span class='ocrx_word' id='word_1_45' title='bbox 824 810 951 874; x_wconf 79' lang='lat' dir='ltr'>deberem</span> <span class='ocrx_word' id='word_1_46' title='bbox 964 836 971 872; x_wconf 76' lang='grc' dir='ltr'><strong><em>ε</em></strong></span> <span class='ocrx_word' id='word_1_47' title='bbox 985 836 1037 879; x_wconf 91' lang='lat' dir='ltr'>nee</span> <span class='ocrx_word' id='word_1_48' title='bbox 1048 839 1114 896; x_wconf 89' lang='lat' dir='ltr'>pro·</span> <span class='ocrx_word' id='word_1_49' title='bbox 1167 825 1257 897; x_wconf 86' lang='lat' dir='ltr'>timor,</span> <span class='ocrx_word' id='word_1_50' title='bbox 1273 834 1373 893; x_wconf 79' lang='lat' dir='ltr'>utillum</span> <span class='ocrx_word' id='word_1_51' title='bbox 1389 841 1469 899; x_wconf 79' lang='lat' dir='ltr'>mine</span> <span class='ocrx_word' id='word_1_52' title='bbox 1479 844 1625 920; x_wconf 88' lang='lat' dir='ltr'>deterrent,</span> <span class='ocrx_word' id='word_1_53' title='bbox 1637 855 1685 912; x_wconf 87' lang='lat' dir='ltr'>sed</span> <span class='ocrx_word' id='word_1_54' title='bbox 1699 867 1782 919; x_wconf 85' lang='lat' dir='ltr'>terror</span> <span class='ocrx_word' id='word_1_55' title='bbox 1793 879 1874 926; x_wconf 84' lang='lat' dir='ltr'>curun</span> <span class='ocrx_word' id='word_1_56' title='bbox 1885 875 1925 934; x_wconf 83' lang='lat' dir='ltr'>lor·</span> 
     </span>
    </p>
   </div>
   <div class='ocr_carea' id='block_1_4' title="bbox 268 870 1925 1208">
    <p class='ocr_par' dir='ltr' id='par_1_4' title="bbox 268 870 1925 1208">
     <span class='ocr_line' id='line_1_6' title="bbox 314 870 1925 1039; baseline 0.063 -119"><span class='ocrx_word' id='word_1_57' title='bbox 314 871 376 934; x_wconf 89' lang='lat' dir='ltr'>pter</span> <span class='ocrx_word' id='word_1_58' title='bbox 391 870 500 944; x_wconf 78' lang='lat' dir='ltr'>aliquod</span> <span class='ocrx_word' id='word_1_59' title='bbox 517 895 666 960; x_wconf 85' lang='lat' dir='ltr'>peceatum,</span> <span class='ocrx_word' id='word_1_60' title='bbox 681 895 730 951; x_wconf 86' lang='lat' dir='ltr'>sed</span> <span class='ocrx_word' id='word_1_61' title='bbox 747 909 858 974; x_wconf 89' lang='lat' dir='ltr'>propter</span> <span class='ocrx_word' id='word_1_62' title='bbox 870 908 1019 980; x_wconf 84' lang='lat' dir='ltr'>caritatem,</span> <span class='ocrx_word' id='word_1_63' title='bbox 1031 929 1112 987; x_wconf 83' lang='lat' dir='ltr'>quatu</span> <span class='ocrx_word' id='word_1_64' title='bbox 1166 921 1248 981; x_wconf 91' lang='lat' dir='ltr'>tiores</span> <span class='ocrx_word' id='word_1_65' title='bbox 1259 943 1307 985; x_wconf 86' lang='lat' dir='ltr'>ros</span> <span class='ocrx_word' id='word_1_66' title='bbox 1321 931 1424 992; x_wconf 87' lang='lat' dir='ltr'>reddet.</span> <span class='ocrx_word' id='word_1_67' title='bbox 1440 936 1523 996; x_wconf 83' lang='lat' dir='ltr'>Video</span> <span class='ocrx_word' id='word_1_68' title='bbox 1538 943 1564 998; x_wconf 90' lang='lat' dir='ltr'>iu</span> <span class='ocrx_word' id='word_1_69' title='bbox 1579 945 1654 1003; x_wconf 90' lang='lat' dir='ltr'>tobis</span> <span class='ocrx_word' id='word_1_70' title='bbox 1664 951 1734 1020; x_wconf 87' lang='lat' dir='ltr'>quod</span> <span class='ocrx_word' id='word_1_71' title='bbox 1745 969 1925 1039; x_wconf 68' lang='lat' dir='ltr'>semproniae,</span> 
     </span>
     <span class='ocr_line' id='line_1_7' title="bbox 268 955 1925 1120; baseline 0.065 -108"><span class='ocrx_word' id='word_1_72' title='bbox 268 955 275 976; x_wconf 82' lang='grc'><strong>”</strong></span> <span class='ocrx_word' id='word_1_73' title='bbox 313 967 376 1029; x_wconf 76' lang='lat' dir='ltr'>erga</span> <span class='ocrx_word' id='word_1_74' title='bbox 392 977 440 1022; x_wconf 86' lang='lat' dir='ltr'>vus</span> <span class='ocrx_word' id='word_1_75' title='bbox 461 967 567 1034; x_wconf 78' lang='lat' dir='ltr'>babeoa</span> <span class='ocrx_word' id='word_1_76' title='bbox 581 981 643 1052; x_wconf 84' lang='lat' dir='ltr'>quia</span> <span class='ocrx_word' id='word_1_77' title='bbox 656 989 745 1046; x_wconf 90' lang='lat' dir='ltr'>omnia</span> <span class='ocrx_word' id='word_1_78' title='bbox 758 1009 819 1066; x_wconf 92' lang='lat' dir='ltr'>ago,</span> <span class='ocrx_word' id='word_1_79' title='bbox 842 1009 872 1056; x_wconf 94' lang='lat' dir='ltr'>ut</span> <span class='ocrx_word' id='word_1_80' title='bbox 885 1017 933 1058; x_wconf 86' lang='lat' dir='ltr'>vos</span> <span class='ocrx_word' id='word_1_81' title='bbox 945 1006 1110 1075; x_wconf 79' lang='lat' dir='ltr'>protentis:</span> <span class='ocrx_word' id='word_1_82' title='bbox 1164 1017 1225 1076; x_wconf 91' lang='lat' dir='ltr'>ideo</span> <span class='ocrx_word' id='word_1_83' title='bbox 1237 1023 1309 1092; x_wconf 81' lang='lat' dir='ltr'>quod</span> <span class='ocrx_word' id='word_1_84' title='bbox 1329 1033 1528 1103; x_wconf 76' lang='lat' dir='ltr'>contempsistis</span> <span class='ocrx_word' id='word_1_85' title='bbox 1549 1039 1641 1096; x_wconf 90' lang='lat' dir='ltr'>mundi</span> <span class='ocrx_word' id='word_1_86' title='bbox 1656 1047 1770 1117; x_wconf 89' lang='lat' dir='ltr'>negotia,</span> <span class='ocrx_word' id='word_1_87' title='bbox 1786 1059 1925 1120; x_wconf 66' lang='lat' dir='ltr'>renuntiastis</span> 
     </span>
     <span class='ocr_line' id='line_1_8' title="bbox 312 1057 1924 1208; baseline 0.065 -105"><span class='ocrx_word' id='word_1_88' title='bbox 312 1057 340 1104; x_wconf 88' lang='lat' dir='ltr'>ct</span> <span class='ocrx_word' id='word_1_89' title='bbox 353 1058 565 1142; x_wconf 81' lang='lat' dir='ltr'>uesubintroeat</span> <span class='ocrx_word' id='word_1_90' title='bbox 578 1078 740 1139; x_wconf 85' lang='lat' dir='ltr'>conturbare</span> <span class='ocrx_word' id='word_1_91' title='bbox 751 1101 860 1160; x_wconf 90' lang='lat' dir='ltr'>gregem</span> <span class='ocrx_word' id='word_1_92' title='bbox 870 1092 939 1152; x_wconf 92' lang='lat' dir='ltr'>bene</span> <span class='ocrx_word' id='word_1_93' title='bbox 949 1097 1109 1175; x_wconf 87' lang='lat' dir='ltr'>institutum,</span> <span class='ocrx_word' id='word_1_94' title='bbox 1163 1114 1288 1172; x_wconf 88' lang='lat' dir='ltr'>omuibus</span> <span class='ocrx_word' id='word_1_95' title='bbox 1301 1135 1308 1172; x_wconf 86' lang='lat' dir='ltr'>a</span> <span class='ocrx_word' id='word_1_96' title='bbox 1323 1119 1453 1194; x_wconf 79' lang='lat' dir='ltr'>nihilium</span> <span class='ocrx_word' id='word_1_97' title='bbox 1468 1125 1503 1183; x_wconf 91' lang='lat' dir='ltr'>de</span> <span class='ocrx_word' id='word_1_98' title='bbox 1517 1137 1598 1200; x_wconf 88' lang='lat' dir='ltr'>terra,</span> <span class='ocrx_word' id='word_1_99' title='bbox 1613 1149 1700 1208; x_wconf 88' lang='lat' dir='ltr'>neque</span> <span class='ocrx_word' id='word_1_100' title='bbox 1718 1138 1753 1196; x_wconf 85' lang='lat' dir='ltr'>de</span> <span class='ocrx_word' id='word_1_101' title='bbox 1765 1149 1866 1204; x_wconf 84' lang='lat' dir='ltr'>terreris</span> <span class='ocrx_word' id='word_1_102' title='bbox 1876 1156 1924 1208; x_wconf 86' lang='lat' dir='ltr'>acti-</span> 
     </span>
    </p>
   </div>
   <div class='ocr_carea' id='block_1_5' title="bbox 310 1142 1923 1347">
    <p class='ocr_par' dir='ltr' id='par_1_5' title="bbox 310 1142 1923 1347">
     <span class='ocr_line' id='line_1_9' title="bbox 311 1142 1923 1316; baseline 0.066 -119"><span class='ocrx_word' id='word_1_103' title='bbox 311 1142 398 1202; x_wconf 83' lang='lat' dir='ltr'>sedut</span> <span class='ocrx_word' id='word_1_104' title='bbox 413 1161 626 1222; x_wconf 87' lang='lat' dir='ltr'>permaneatisin</span> <span class='ocrx_word' id='word_1_105' title='bbox 637 1168 807 1245; x_wconf 73' lang='lat' dir='ltr'>simplicitate</span> <span class='ocrx_word' id='word_1_106' title='bbox 817 1180 890 1239; x_wconf 87' lang='lat' dir='ltr'>ddei.</span> <span class='ocrx_word' id='word_1_107' title='bbox 903 1185 967 1245; x_wconf 82' lang='lat' dir='ltr'>itaec</span> <span class='ocrx_word' id='word_1_108' title='bbox 979 1202 1110 1254; x_wconf 60' lang='lat' dir='ltr'>atcausa</span> <span class='ocrx_word' id='word_1_109' title='bbox 1162 1201 1213 1262; x_wconf 95' lang='lat' dir='ltr'>bus</span> <span class='ocrx_word' id='word_1_110' title='bbox 1227 1209 1359 1281; x_wconf 92' lang='lat' dir='ltr'>cogitatis.</span> <span class='ocrx_word' id='word_1_111' title='bbox 1380 1215 1421 1272; x_wconf 85' lang='lat' dir='ltr'>nd</span> <span class='ocrx_word' id='word_1_112' title='bbox 1442 1221 1557 1279; x_wconf 76' lang='lat' dir='ltr'>caelestia</span> <span class='ocrx_word' id='word_1_113' title='bbox 1579 1241 1627 1282; x_wconf 89' lang='lat' dir='ltr'>ros</span> <span class='ocrx_word' id='word_1_114' title='bbox 1641 1229 1771 1302; x_wconf 86' lang='lat' dir='ltr'>otigrasse</span> <span class='ocrx_word' id='word_1_115' title='bbox 1787 1235 1837 1307; x_wconf 83' lang='lat' dir='ltr'>jam</span> <span class='ocrx_word' id='word_1_116' title='bbox 1849 1258 1923 1316; x_wconf 75' lang='lat' dir='ltr'>oerua,</span> 
     </span>
     <span class='ocr_line' id='line_1_10' title="bbox 310 1235 1109 1347; baseline 0.073 -59"><span class='ocrx_word' id='word_1_117' title='bbox 310 1235 489 1302; x_wconf 78' lang='lat' dir='ltr'>periculorum</span> <span class='ocrx_word' id='word_1_118' title='bbox 504 1266 640 1330; x_wconf 88' lang='lat' dir='ltr'>meorum,</span> <span class='ocrx_word' id='word_1_119' title='bbox 654 1274 681 1320; x_wconf 83' lang='lat' dir='ltr'>et</span> <span class='ocrx_word' id='word_1_120' title='bbox 695 1264 754 1324; x_wconf 85' lang='lat' dir='ltr'>ltaec</span> <span class='ocrx_word' id='word_1_121' title='bbox 768 1270 976 1337; x_wconf 86' lang='lat' dir='ltr'>sulliciantmibi</span> <span class='ocrx_word' id='word_1_122' title='bbox 987 1284 1021 1341; x_wconf 91' lang='lat' dir='ltr'>ad</span> <span class='ocrx_word' id='word_1_123' title='bbox 1031 1302 1109 1347; x_wconf 86' lang='lat' dir='ltr'>coro·</span> 
     </span>
    </p>
   </div>
   <div class='ocr_carea' id='block_1_6' title="bbox 303 1336 1108 1917">
    <p class='ocr_par' dir='ltr' id='par_1_6' title="bbox 303 1336 1108 1917">
     <span class='ocr_line' id='line_1_11' title="bbox 308 1336 1108 1439; baseline 0.073 -57"><span class='ocrx_word' id='word_1_124' title='bbox 308 1339 384 1388; x_wconf 88' lang='lat' dir='ltr'>naut.</span> <span class='ocrx_word' id='word_1_125' title='bbox 398 1336 467 1405; x_wconf 80' lang='lat' dir='ltr'>Quid</span> <span class='ocrx_word' id='word_1_126' title='bbox 489 1345 562 1404; x_wconf 87' lang='lat' dir='ltr'>eninr</span> <span class='ocrx_word' id='word_1_127' title='bbox 577 1367 630 1409; x_wconf 90' lang='lat' dir='ltr'>nott</span> <span class='ocrx_word' id='word_1_128' title='bbox 652 1357 740 1427; x_wconf 88' lang='lat' dir='ltr'>patior</span> <span class='ocrx_word' id='word_1_129' title='bbox 749 1378 801 1435; x_wconf 91' lang='lat' dir='ltr'>pro</span> <span class='ocrx_word' id='word_1_130' title='bbox 811 1367 906 1427; x_wconf 74' lang='lat' dir='ltr'>robis!</span> <span class='ocrx_word' id='word_1_131' title='bbox 921 1371 976 1431; x_wconf 80' lang='lat' dir='ltr'>Vos</span> <span class='ocrx_word' id='word_1_132' title='bbox 988 1377 1054 1436; x_wconf 89' lang='lat' dir='ltr'>milti</span> <span class='ocrx_word' id='word_1_133' title='bbox 1067 1383 1108 1439; x_wconf 91' lang='lat' dir='ltr'>ei·</span> 
     </span>
     <span class='ocr_line' id='line_1_12' title="bbox 306 1433 1105 1547; baseline 0.074 -74"><span class='ocrx_word' id='word_1_134' title='bbox 306 1433 365 1490; x_wconf 83' lang='lat' dir='ltr'>ves,</span> <span class='ocrx_word' id='word_1_135' title='bbox 377 1441 426 1484; x_wconf 83' lang='lat' dir='ltr'>vos</span> <span class='ocrx_word' id='word_1_136' title='bbox 438 1433 503 1490; x_wconf 88' lang='lat' dir='ltr'>mibi</span> <span class='ocrx_word' id='word_1_137' title='bbox 516 1437 624 1515; x_wconf 78' lang='lat' dir='ltr'>iratres,</span> <span class='ocrx_word' id='word_1_138' title='bbox 634 1463 683 1506; x_wconf 90' lang='lat' dir='ltr'>ros</span> <span class='ocrx_word' id='word_1_139' title='bbox 693 1453 760 1510; x_wconf 90' lang='lat' dir='ltr'>mibi</span> <span class='ocrx_word' id='word_1_140' title='bbox 770 1457 828 1529; x_wconf 87' lang='lat' dir='ltr'>itiii,</span> <span class='ocrx_word' id='word_1_141' title='bbox 839 1475 888 1518; x_wconf 87' lang='lat' dir='ltr'>ros</span> <span class='ocrx_word' id='word_1_142' title='bbox 898 1465 963 1523; x_wconf 90' lang='lat' dir='ltr'>mibi</span> <span class='ocrx_word' id='word_1_143' title='bbox 974 1473 1105 1547; x_wconf 90' lang='lat' dir='ltr'>membra,</span> 
     </span>
     <span class='ocr_line' id='line_1_13' title="bbox 305 1519 1106 1622; baseline 0.072 -56"><span class='ocrx_word' id='word_1_144' title='bbox 305 1525 356 1570; x_wconf 83' lang='lat' dir='ltr'>uos</span> <span class='ocrx_word' id='word_1_145' title='bbox 379 1519 444 1577; x_wconf 84' lang='lat' dir='ltr'>milti</span> <span class='ocrx_word' id='word_1_146' title='bbox 456 1539 563 1602; x_wconf 88' lang='lat' dir='ltr'>corpus,</span> <span class='ocrx_word' id='word_1_147' title='bbox 584 1550 633 1594; x_wconf 82' lang='lat' dir='ltr'>sos</span> <span class='ocrx_word' id='word_1_148' title='bbox 647 1541 712 1598; x_wconf 85' lang='lat' dir='ltr'>milri</span> <span class='ocrx_word' id='word_1_149' title='bbox 726 1545 781 1616; x_wconf 87' lang='lat' dir='ltr'>lux,</span> <span class='ocrx_word' id='word_1_150' title='bbox 798 1550 853 1609; x_wconf 92' lang='lat' dir='ltr'>imo</span> <span class='ocrx_word' id='word_1_151' title='bbox 865 1563 892 1611; x_wconf 86' lang='lat' dir='ltr'>et</span> <span class='ocrx_word' id='word_1_152' title='bbox 907 1556 956 1614; x_wconf 90' lang='lat' dir='ltr'>ista</span> <span class='ocrx_word' id='word_1_153' title='bbox 972 1559 1032 1619; x_wconf 90' lang='lat' dir='ltr'>lnce</span> <span class='ocrx_word' id='word_1_154' title='bbox 1042 1564 1106 1622; x_wconf 91' lang='lat' dir='ltr'>dul·</span> 
     </span>
     <span class='ocr_line' id='line_1_14' title="bbox 305 1607 1104 1730; baseline 0.074 -72"><span class='ocrx_word' id='word_1_155' title='bbox 305 1607 405 1678; x_wconf 84' lang='lat' dir='ltr'>eiures.</span> <span class='ocrx_word' id='word_1_156' title='bbox 418 1613 486 1683; x_wconf 83' lang='lat' dir='ltr'>Quid</span> <span class='ocrx_word' id='word_1_157' title='bbox 499 1623 570 1680; x_wconf 91' lang='lat' dir='ltr'>enim</span> <span class='ocrx_word' id='word_1_158' title='bbox 591 1630 657 1688; x_wconf 91' lang='lat' dir='ltr'>milti</span> <span class='ocrx_word' id='word_1_159' title='bbox 673 1641 776 1696; x_wconf 90' lang='lat' dir='ltr'>tautum</span> <span class='ocrx_word' id='word_1_160' title='bbox 791 1657 920 1714; x_wconf 82' lang='lat' dir='ltr'>prestant</span> <span class='ocrx_word' id='word_1_161' title='bbox 940 1653 1008 1711; x_wconf 86' lang='lat' dir='ltr'>radii</span> <span class='ocrx_word' id='word_1_162' title='bbox 1028 1657 1104 1730; x_wconf 88' lang='lat' dir='ltr'>solis,</span> 
     </span>
     <span class='ocr_line' id='line_1_15' title="bbox 303 1709 1105 1824; baseline 0.074 -73"><span class='ocrx_word' id='word_1_163' title='bbox 303 1709 433 1767; x_wconf 81' lang='lat' dir='ltr'>quantum</span> <span class='ocrx_word' id='word_1_164' title='bbox 447 1713 565 1772; x_wconf 62' lang='lat' dir='ltr'>canetis</span> <span class='ocrx_word' id='word_1_165' title='bbox 579 1731 676 1782; x_wconf 84' lang='lat' dir='ltr'>uestrae</span> <span class='ocrx_word' id='word_1_166' title='bbox 689 1729 817 1801; x_wconf 91' lang='lat' dir='ltr'>splendor</span> <span class='ocrx_word' id='word_1_167' title='bbox 825 1742 958 1812; x_wconf 75' lang='lat' dir='ltr'>acquirit?</span> <span class='ocrx_word' id='word_1_168' title='bbox 970 1746 1041 1805; x_wconf 77' lang='lat' dir='ltr'>Eece</span> <span class='ocrx_word' id='word_1_169' title='bbox 1054 1767 1105 1824; x_wconf 92' lang='lat' dir='ltr'>pro</span> 
     </span>
     <span class='ocr_line' id='line_1_16' title="bbox 303 1795 1101 1917; baseline 0.075 -72"><span class='ocrx_word' id='word_1_170' title='bbox 303 1795 417 1855; x_wconf 87' lang='lat' dir='ltr'>caritate</span> <span class='ocrx_word' id='word_1_171' title='bbox 428 1813 516 1864; x_wconf 82' lang='lat' dir='ltr'>restra</span> <span class='ocrx_word' id='word_1_172' title='bbox 531 1825 630 1874; x_wconf 89' lang='lat' dir='ltr'>corona</span> <span class='ocrx_word' id='word_1_173' title='bbox 640 1821 707 1879; x_wconf 88' lang='lat' dir='ltr'>milri</span> <span class='ocrx_word' id='word_1_174' title='bbox 720 1838 829 1897; x_wconf 88' lang='lat' dir='ltr'>paratur</span> <span class='ocrx_word' id='word_1_175' title='bbox 842 1834 870 1890; x_wconf 91' lang='lat' dir='ltr'>in</span> <span class='ocrx_word' id='word_1_176' title='bbox 883 1835 973 1897; x_wconf 90' lang='lat' dir='ltr'>iuturo</span> <span class='ocrx_word' id='word_1_177' title='bbox 986 1847 1101 1917; x_wconf 76' lang='lat' dir='ltr'>saecul03</span> 
     </span>
    </p>
   </div>
   <div class='ocr_carea' id='block_1_7' title="bbox 1156 1295 1924 1866">
    <p class='ocr_par' dir='ltr' id='par_1_7' title="bbox 1156 1295 1924 1866">
     <span class='ocr_line' id='line_1_17' title="bbox 1161 1295 1924 1396; baseline 0.058 -44"><span class='ocrx_word' id='word_1_178' title='bbox 1161 1295 1276 1356; x_wconf 90' lang='lat' dir='ltr'>absoluti</span> <span class='ocrx_word' id='word_1_179' title='bbox 1299 1305 1366 1361; x_wconf 85' lang='lat' dir='ltr'>estis</span> <span class='ocrx_word' id='word_1_180' title='bbox 1386 1309 1501 1370; x_wconf 86' lang='lat' dir='ltr'>uinculis</span> <span class='ocrx_word' id='word_1_181' title='bbox 1522 1319 1654 1389; x_wconf 89' lang='lat' dir='ltr'>corporis,</span> <span class='ocrx_word' id='word_1_182' title='bbox 1674 1323 1708 1378; x_wconf 93' lang='lat' dir='ltr'>ad</span> <span class='ocrx_word' id='word_1_183' title='bbox 1722 1324 1820 1384; x_wconf 86' lang='lat' dir='ltr'>beatam</span> <span class='ocrx_word' id='word_1_184' title='bbox 1837 1333 1924 1396; x_wconf 91' lang='lat' dir='ltr'>illamct</span> 
     </span>
     <span class='ocr_line' id='line_1_18' title="bbox 1160 1391 1923 1488; baseline 0.054 -42"><span class='ocrx_word' id='word_1_185' title='bbox 1160 1391 1295 1452; x_wconf 74' lang='lat' dir='ltr'>caelestem</span> <span class='ocrx_word' id='word_1_186' title='bbox 1310 1402 1472 1461; x_wconf 89' lang='lat' dir='ltr'>contenditis</span> <span class='ocrx_word' id='word_1_187' title='bbox 1485 1405 1693 1484; x_wconf 85' lang='lat' dir='ltr'>philosophiam.</span> <span class='ocrx_word' id='word_1_188' title='bbox 1711 1415 1767 1476; x_wconf 88' lang='lat' dir='ltr'>lloc</span> <span class='ocrx_word' id='word_1_189' title='bbox 1778 1423 1837 1480; x_wconf 90' lang='lat' dir='ltr'>milti</span> <span class='ocrx_word' id='word_1_190' title='bbox 1849 1429 1923 1488; x_wconf 87' lang='lat' dir='ltr'>suiiuit</span> 
     </span>
     <span class='ocr_line' id='line_1_19' title="bbox 1160 1483 1922 1583; baseline 0.052 -45"><span class='ocrx_word' id='word_1_191' title='bbox 1160 1483 1258 1544; x_wconf 84' lang='lat' dir='ltr'>uidisse</span> <span class='ocrx_word' id='word_1_192' title='bbox 1283 1488 1316 1546; x_wconf 91' lang='lat' dir='ltr'>de</span> <span class='ocrx_word' id='word_1_193' title='bbox 1336 1493 1429 1564; x_wconf 87' lang='lat' dir='ltr'>vobis;</span> <span class='ocrx_word' id='word_1_194' title='bbox 1454 1496 1512 1556; x_wconf 81' lang='lat' dir='ltr'>ltaec</span> <span class='ocrx_word' id='word_1_195' title='bbox 1537 1518 1596 1559; x_wconf 87' lang='lat' dir='ltr'>mea</span> <span class='ocrx_word' id='word_1_196' title='bbox 1615 1509 1777 1583; x_wconf 89' lang='lat' dir='ltr'>consolatio;</span> <span class='ocrx_word' id='word_1_197' title='bbox 1799 1515 1890 1577; x_wconf 85' lang='lat' dir='ltr'>istane</span> <span class='ocrx_word' id='word_1_198' title='bbox 1904 1525 1922 1580; x_wconf 88' lang='lat' dir='ltr'>ir</span> 
     </span>
     <span class='ocr_line' id='line_1_20' title="bbox 1158 1579 1920 1684; baseline 0.055 -56"><span class='ocrx_word' id='word_1_199' title='bbox 1158 1579 1288 1647; x_wconf 75' lang='lat' dir='ltr'>agonibus</span> <span class='ocrx_word' id='word_1_200' title='bbox 1308 1583 1375 1640; x_wconf 88' lang='lat' dir='ltr'>meis</span> <span class='ocrx_word' id='word_1_201' title='bbox 1388 1586 1462 1644; x_wconf 81' lang='lat' dir='ltr'>uelut</span> <span class='ocrx_word' id='word_1_202' title='bbox 1476 1604 1609 1663; x_wconf 85' lang='lat' dir='ltr'>unguenta</span> <span class='ocrx_word' id='word_1_203' title='bbox 1626 1599 1748 1670; x_wconf 80' lang='lat' dir='ltr'>quaedam</span> <span class='ocrx_word' id='word_1_204' title='bbox 1767 1609 1920 1684; x_wconf 84' lang='lat' dir='ltr'>corroborato,</span> 
     </span>
     <span class='ocr_line' id='line_1_21' title="bbox 1158 1667 1921 1770; baseline 0.051 -49"><span class='ocrx_word' id='word_1_205' title='bbox 1158 1676 1185 1722; x_wconf 92' lang='lat' dir='ltr'>et</span> <span class='ocrx_word' id='word_1_206' title='bbox 1206 1667 1344 1730; x_wconf 80' lang='lat' dir='ltr'>tortiorum</span> <span class='ocrx_word' id='word_1_207' title='bbox 1365 1691 1408 1734; x_wconf 90' lang='lat' dir='ltr'>me</span> <span class='ocrx_word' id='word_1_208' title='bbox 1422 1681 1551 1750; x_wconf 75' lang='lat' dir='ltr'>agonibus</span> <span class='ocrx_word' id='word_1_209' title='bbox 1568 1677 1694 1758; x_wconf 82' lang='lat' dir='ltr'>reddunt,</span> <span class='ocrx_word' id='word_1_210' title='bbox 1709 1701 1735 1750; x_wconf 91' lang='lat' dir='ltr'>et</span> <span class='ocrx_word' id='word_1_211' title='bbox 1748 1693 1780 1752; x_wconf 87' lang='lat' dir='ltr'>ad</span> <span class='ocrx_word' id='word_1_212' title='bbox 1794 1699 1875 1770; x_wconf 85' lang='lat' dir='ltr'>gaudia</span> <span class='ocrx_word' id='word_1_213' title='bbox 1886 1704 1921 1760; x_wconf 90' lang='lat' dir='ltr'>lu·</span> 
     </span>
     <span class='ocr_line' id='line_1_22' title="bbox 1156 1762 1919 1866; baseline 0.048 -53"><span class='ocrx_word' id='word_1_214' title='bbox 1156 1762 1280 1819; x_wconf 84' lang='lat' dir='ltr'>mortalia</span> <span class='ocrx_word' id='word_1_215' title='bbox 1300 1775 1381 1840; x_wconf 85' lang='lat' dir='ltr'>atque</span> <span class='ocrx_word' id='word_1_216' title='bbox 1406 1782 1506 1831; x_wconf 78' lang='lat' dir='ltr'>aeterua</span> <span class='ocrx_word' id='word_1_217' title='bbox 1531 1783 1737 1840; x_wconf 85' lang='lat' dir='ltr'>transmittunt:</span> <span class='ocrx_word' id='word_1_218' title='bbox 1754 1802 1799 1858; x_wconf 95' lang='lat' dir='ltr'>pro</span> <span class='ocrx_word' id='word_1_219' title='bbox 1821 1789 1856 1848; x_wconf 87' lang='lat' dir='ltr'>tis</span> <span class='ocrx_word' id='word_1_220' title='bbox 1875 1812 1919 1866; x_wconf 83' lang='lat' dir='ltr'>gra·</span> 
     </span>
    </p>
   </div>
   <div class='ocr_carea' id='block_1_8' title="bbox 1156 1853 1918 1952">
    <p class='ocr_par' dir='ltr' id='par_1_8' title="bbox 1156 1853 1918 1952">
     <span class='ocr_line' id='line_1_23' title="bbox 1156 1853 1918 1952; baseline 0.049 -45"><span class='ocrx_word' id='word_1_221' title='bbox 1156 1853 1208 1910; x_wconf 90' lang='lat' dir='ltr'>tias</span> <span class='ocrx_word' id='word_1_222' title='bbox 1226 1870 1337 1928; x_wconf 85' lang='lat' dir='ltr'>agamus</span> <span class='ocrx_word' id='word_1_223' title='bbox 1358 1863 1424 1934; x_wconf 78' lang='lat' dir='ltr'>beo,</span> <span class='ocrx_word' id='word_1_224' title='bbox 1441 1869 1487 1952; x_wconf 76' lang='lat' dir='ltr'>cui</span> <span class='ocrx_word' id='word_1_225' title='bbox 1506 1869 1591 1943; x_wconf 87' lang='lat' dir='ltr'>gloria</span> <span class='ocrx_word' id='word_1_226' title='bbox 1610 1875 1637 1932; x_wconf 92' lang='lat' dir='ltr'>in</span> <span class='ocrx_word' id='word_1_227' title='bbox 1658 1879 1753 1936; x_wconf 80' lang='lat' dir='ltr'>sucula</span> <span class='ocrx_word' id='word_1_228' title='bbox 1778 1886 1918 1944; x_wconf 81' lang='lat' dir='ltr'>soculorum.</span> 
     </span>
    </p>
   </div>
   <div class='ocr_carea' id='block_1_9' title="bbox 303 1881 1253 2004">
    <p class='ocr_par' dir='ltr' id='par_1_9' title="bbox 303 1881 1253 2004">
     <span class='ocr_line' id='line_1_24' title="bbox 303 1881 1253 2004; baseline 0.067 -65"><span class='ocrx_word' id='word_1_229' title='bbox 303 1881 1103 2003; x_wconf 79' lang='lat' dir='ltr'>bocmibisolislrujttssplendorpraestarenonpoteritllaee</span> <span class='ocrx_word' id='word_1_230' title='bbox 1158 1947 1253 2004; x_wconf 77' lang='lat' dir='ltr'>nmen.</span> 
     </span>
    </p>
   </div>
   <div class='ocr_carea' id='block_1_10' title="bbox 276 2170 1374 2355">
    <p class='ocr_par' dir='ltr' id='par_1_10' title="bbox 276 2170 1374 2355">
     <span class='ocr_line' id='line_1_25' title="bbox 276 2170 1374 2355; baseline 0.07 -73"><span class='ocrx_word' id='word_1_231' title='bbox 276 2198 308 2283; x_wconf 60' lang='lat' dir='ltr'>u</span> <span class='ocrx_word' id='word_1_232' title='bbox 564 2209 570 2219; x_wconf 83' lang='lat'><em>·</em></span> <span class='ocrx_word' id='word_1_233' title='bbox 613 2170 617 2180; x_wconf 76' lang='grc'><strong>’</strong></span> <span class='ocrx_word' id='word_1_234' title='bbox 934 2213 1374 2355; x_wconf 67' lang='lat' dir='ltr'>montrum</span> 
     </span>
    </p>
   </div>
   <div class='ocr_carea' id='block_1_11' title="bbox 649 3091 1904 3277">
    <p class='ocr_par' dir='ltr' id='par_1_11' title="bbox 649 3091 1904 3277">
     <span class='ocr_line' id='line_1_26' title="bbox 649 3091 1904 3222; baseline 0.056 -76"><span class='ocrx_word' id='word_1_235' title='bbox 649 3091 760 3152; x_wconf 82' lang='lat' dir='ltr'>lentium</span> <span class='ocrx_word' id='word_1_236' title='bbox 773 3115 943 3176; x_wconf 86' lang='lat' dir='ltr'>propugnate</span> <span class='ocrx_word' id='word_1_237' title='bbox 954 3109 1085 3173; x_wconf 83' lang='lat' dir='ltr'>rideatur.</span> <span class='ocrx_word' id='word_1_238' title='bbox 1142 3135 1198 3184; x_wconf 90' lang='lat' dir='ltr'>tum</span> <span class='ocrx_word' id='word_1_239' title='bbox 1218 3143 1358 3204; x_wconf 84' lang='lat' dir='ltr'>supererat</span> <span class='ocrx_word' id='word_1_240' title='bbox 1375 3141 1497 3200; x_wconf 86' lang='lat' dir='ltr'>oratione</span> <span class='ocrx_word' id='word_1_241' title='bbox 1510 3145 1567 3202; x_wconf 78' lang='lat' dir='ltr'>baec</span> <span class='ocrx_word' id='word_1_242' title='bbox 1581 3161 1739 3221; x_wconf 84' lang='lat' dir='ltr'>excerpere.</span> <span class='ocrx_word' id='word_1_243' title='bbox 1752 3151 1779 3207; x_wconf 88' lang='lat' dir='ltr'>Si</span> <span class='ocrx_word' id='word_1_244' title='bbox 1796 3151 1847 3222; x_wconf 72' lang='lat' dir='ltr'>uuit</span> <span class='ocrx_word' id='word_1_245' title='bbox 1858 3163 1904 3204; x_wconf 74' lang='lat' dir='ltr'>tili</span> 
     </span>
     <span class='ocr_line' id='line_1_27' title="bbox 663 3183 1193 3277; baseline 0.07 -37"><span class='ocrx_word' id='word_1_246' title='bbox 663 3183 790 3248; x_wconf 83' lang='lat' dir='ltr'>Oratione</span> <span class='ocrx_word' id='word_1_247' title='bbox 799 3196 884 3266; x_wconf 88' lang='lat' dir='ltr'>prima</span> <span class='ocrx_word' id='word_1_248' title='bbox 897 3211 959 3272; x_wconf 90' lang='lat' dir='ltr'>post</span> <span class='ocrx_word' id='word_1_249' title='bbox 969 3205 1085 3267; x_wconf 89' lang='lat' dir='ltr'>reditum</span> <span class='ocrx_word' id='word_1_250' title='bbox 1141 3217 1193 3277; x_wconf 87' lang='lat' dir='ltr'>ltoe</span> 
     </span>
    </p>
   </div>
   <div class='ocr_carea' id='block_1_12' title="bbox 274 4346 1891 4516">
    <p class='ocr_par' dir='ltr' id='par_1_12' title="bbox 274 4346 1891 4516">
     <span class='ocr_line' id='line_1_28' title="bbox 1125 4346 1891 4454; baseline 0.018 -58"><span class='ocrx_word' id='word_1_251' title='bbox 1125 4355 1240 4414; x_wconf 77' lang='lat' dir='ltr'>remque</span> <span class='ocrx_word' id='word_1_252' title='bbox 1250 4346 1406 4415; x_wconf 86' lang='lat' dir='ltr'>procellam,</span> <span class='ocrx_word' id='word_1_253' title='bbox 1417 4359 1575 4424; x_wconf 82' lang='lat' dir='ltr'>paratasque</span> <span class='ocrx_word' id='word_1_254' title='bbox 1589 4352 1681 4413; x_wconf 85' lang='lat' dir='ltr'>basias</span> <span class='ocrx_word' id='word_1_255' title='bbox 1695 4373 1702 4411; x_wconf 94' lang='lat'><strong>:</strong></span> <span class='ocrx_word' id='word_1_256' title='bbox 1717 4367 1742 4412; x_wconf 85' lang='lat' dir='ltr'>at</span> <span class='ocrx_word' id='word_1_257' title='bbox 1756 4371 1803 4428; x_wconf 88' lang='lat' dir='ltr'>ego</span> <span class='ocrx_word' id='word_1_258' title='bbox 1814 4352 1891 4454; x_wconf 50' lang='lat' dir='ltr'>gobel:</span> 
     </span>
     <span class='ocr_line' id='line_1_29' title="bbox 274 4385 1890 4516; baseline 0.036 -78"><span class='ocrx_word' id='word_1_259' title='bbox 274 4385 352 4444; x_wconf 74' lang='lat' dir='ltr'>bento</span> <span class='ocrx_word' id='word_1_260' title='bbox 361 4401 385 4446; x_wconf 81' lang='lat' dir='ltr'>et</span> <span class='ocrx_word' id='word_1_261' title='bbox 395 4394 470 4454; x_wconf 83' lang='lat' dir='ltr'>bento</span> <span class='ocrx_word' id='word_1_262' title='bbox 478 4411 595 4464; x_wconf 80' lang='lat' dir='ltr'>natusest</span> <span class='ocrx_word' id='word_1_263' title='bbox 606 4411 633 4466; x_wconf 85' lang='lat' dir='ltr'>iu</span> <span class='ocrx_word' id='word_1_264' title='bbox 646 4429 686 4484; x_wconf 80' lang='lat' dir='ltr'>eo,</span> <span class='ocrx_word' id='word_1_265' title='bbox 696 4425 719 4470; x_wconf 86' lang='lat' dir='ltr'>et</span> <span class='ocrx_word' id='word_1_266' title='bbox 728 4418 783 4489; x_wconf 86' lang='lat' dir='ltr'>ipre</span> <span class='ocrx_word' id='word_1_267' title='bbox 792 4425 909 4493; x_wconf 77' lang='lat' dir='ltr'>[urrduuit</span> <span class='ocrx_word' id='word_1_268' title='bbox 918 4447 973 4499; x_wconf 82' lang='lat' dir='ltr'>eom</span> <span class='ocrx_word' id='word_1_269' title='bbox 984 4432 1070 4506; x_wconf 78' lang='lat' dir='ltr'>(Psoi.</span> <span class='ocrx_word' id='word_1_270' title='bbox 1124 4442 1202 4491; x_wconf 89' lang='lat' dir='ltr'>nator</span> <span class='ocrx_word' id='word_1_271' title='bbox 1218 4450 1313 4509; x_wconf 89' lang='lat' dir='ltr'>magna</span> <span class='ocrx_word' id='word_1_272' title='bbox 1331 4438 1470 4511; x_wconf 78' lang='lat' dir='ltr'>ingruente</span> <span class='ocrx_word' id='word_1_273' title='bbox 1482 4451 1650 4516; x_wconf 84' lang='lat' dir='ltr'>tempestate,</span> <span class='ocrx_word' id='word_1_274' title='bbox 1666 4449 1692 4504; x_wconf 89' lang='lat' dir='ltr'>in</span> <span class='ocrx_word' id='word_1_275' title='bbox 1707 4448 1804 4504; x_wconf 89' lang='lat' dir='ltr'>duabus</span> <span class='ocrx_word' id='word_1_276' title='bbox 1815 4455 1890 4511; x_wconf 81' lang='lat' dir='ltr'>trarrgu</span> 
     </span>
    </p>
   </div>
   <div class='ocr_carea' id='block_1_13' title="bbox 271 4475 1891 4708">
    <p class='ocr_par' dir='ltr' id='par_1_13' title="bbox 271 4475 1891 4708">
     <span class='ocr_line' id='line_1_30' title="bbox 273 4475 1891 4638; baseline 0.04 -106"><span class='ocrx_word' id='word_1_277' title='bbox 273 4475 319 4534; x_wconf 82' lang='lat'>86.</span> <span class='ocrx_word' id='word_1_278' title='bbox 334 4480 373 4555; x_wconf 74' lang='lat'>5).</span> <span class='ocrx_word' id='word_1_279' title='bbox 389 4485 477 4547; x_wconf 79' lang='lat' dir='ltr'>Filioli</span> <span class='ocrx_word' id='word_1_280' title='bbox 500 4497 570 4567; x_wconf 90' lang='lat' dir='ltr'>mei,</span> <span class='ocrx_word' id='word_1_281' title='bbox 593 4518 636 4560; x_wconf 93' lang='lat' dir='ltr'>me</span> <span class='ocrx_word' id='word_1_282' title='bbox 657 4507 822 4572; x_wconf 83' lang='lat' dir='ltr'>irrterlecturi</span> <span class='ocrx_word' id='word_1_283' title='bbox 844 4522 927 4577; x_wconf 86' lang='lat' dir='ltr'>sunt?</span> <span class='ocrx_word' id='word_1_284' title='bbox 948 4524 982 4581; x_wconf 84' lang='lat' dir='ltr'>Et</span> <span class='ocrx_word' id='word_1_285' title='bbox 1006 4530 1071 4600; x_wconf 84' lang='lat' dir='ltr'>quid</span> <span class='ocrx_word' id='word_1_286' title='bbox 1123 4529 1256 4600; x_wconf 86' lang='lat' dir='ltr'>puppibus</span> <span class='ocrx_word' id='word_1_287' title='bbox 1278 4532 1376 4601; x_wconf 88' lang='lat' dir='ltr'>sedeo,</span> <span class='ocrx_word' id='word_1_288' title='bbox 1396 4535 1515 4606; x_wconf 85' lang='lat' dir='ltr'>scilieet,</span> <span class='ocrx_word' id='word_1_289' title='bbox 1530 4539 1557 4595; x_wconf 92' lang='lat' dir='ltr'>in</span> <span class='ocrx_word' id='word_1_290' title='bbox 1572 4537 1663 4598; x_wconf 74' lang='lat' dir='ltr'>Veteri</span> <span class='ocrx_word' id='word_1_291' title='bbox 1683 4551 1710 4600; x_wconf 90' lang='lat' dir='ltr'>et</span> <span class='ocrx_word' id='word_1_292' title='bbox 1728 4542 1799 4599; x_wconf 85' lang='lat' dir='ltr'>lloso</span> <span class='ocrx_word' id='word_1_293' title='bbox 1817 4537 1891 4638; x_wconf 60' lang='lat' dir='ltr'>laab-</span> 
     </span>
     <span class='ocr_line' id='line_1_31' title="bbox 271 4581 1890 4708; baseline 0.036 -81"><span class='ocrx_word' id='word_1_294' title='bbox 271 4583 386 4633; x_wconf 85' lang='lat' dir='ltr'>mortem</span> <span class='ocrx_word' id='word_1_295' title='bbox 402 4581 532 4643; x_wconf 79' lang='lat' dir='ltr'>timeam?</span> <span class='ocrx_word' id='word_1_296' title='bbox 546 4590 615 4649; x_wconf 80' lang='lat' dir='ltr'>iiiii</span> <span class='ocrx_word' id='word_1_297' title='bbox 626 4597 707 4657; x_wconf 74' lang='lat' dir='ltr'>uiuum</span> <span class='ocrx_word' id='word_1_298' title='bbox 718 4601 834 4665; x_wconf 77' lang='lat' dir='ltr'>cbristus</span> <span class='ocrx_word' id='word_1_299' title='bbox 846 4620 900 4679; x_wconf 82' lang='lat' dir='ltr'>ert,</span> <span class='ocrx_word' id='word_1_300' title='bbox 915 4624 940 4670; x_wconf 85' lang='lat' dir='ltr'>et</span> <span class='ocrx_word' id='word_1_301' title='bbox 949 4620 1015 4674; x_wconf 86' lang='lat' dir='ltr'>meri</span> <span class='ocrx_word' id='word_1_302' title='bbox 1026 4623 1069 4678; x_wconf 83' lang='lat' dir='ltr'>to·</span> <span class='ocrx_word' id='word_1_303' title='bbox 1122 4632 1224 4692; x_wconf 85' lang='lat' dir='ltr'>meam,</span> <span class='ocrx_word' id='word_1_304' title='bbox 1236 4632 1317 4698; x_wconf 87' lang='lat' dir='ltr'>atque</span> <span class='ocrx_word' id='word_1_305' title='bbox 1328 4629 1410 4686; x_wconf 88' lang='lat' dir='ltr'>remis</span> <span class='ocrx_word' id='word_1_306' title='bbox 1426 4639 1609 4702; x_wconf 88' lang='lat' dir='ltr'>tempestatem</span> <span class='ocrx_word' id='word_1_307' title='bbox 1622 4634 1729 4708; x_wconf 85' lang='lat' dir='ltr'>depello</span> <span class='ocrx_word' id='word_1_308' title='bbox 1744 4653 1751 4690; x_wconf 94' lang='lat'><strong>:</strong></span> <span class='ocrx_word' id='word_1_309' title='bbox 1765 4647 1815 4690; x_wconf 89' lang='lat' dir='ltr'>noo</span> <span class='ocrx_word' id='word_1_310' title='bbox 1827 4638 1890 4686; x_wconf 77' lang='lat' dir='ltr'>mnu</span> 
     </span>
    </p>
   </div>
   <div class='ocr_carea' id='block_1_14' title="bbox 262 4671 1889 4871">
    <p class='ocr_par' dir='ltr' id='par_1_14' title="bbox 262 4671 1889 4871">
     <span class='ocr_line' id='line_1_32' title="bbox 269 4671 1889 4798; baseline 0.022 -53"><span class='ocrx_word' id='word_1_311' title='bbox 269 4683 342 4724; x_wconf 67' lang='lat' dir='ltr'><em>‘&#39;m’&#39;</em></span> <span class='ocrx_word' id='word_1_312' title='bbox 356 4671 485 4750; x_wconf 79' lang='lat' dir='ltr'>(l’iriiipp.</span> <span class='ocrx_word' id='word_1_313' title='bbox 502 4681 527 4739; x_wconf 79' lang='lat'>¹·</span> <span class='ocrx_word' id='word_1_314' title='bbox 540 4683 572 4744; x_wconf 74' lang='lat'>2¹</span> <span class='ocrx_word' id='word_1_315' title='bbox 585 4685 607 4760; x_wconf 88' lang='lat'>)·</span> <span class='ocrx_word' id='word_1_316' title='bbox 622 4689 711 4750; x_wconf 83' lang='lat' dir='ltr'>Scdiu</span> <span class='ocrx_word' id='word_1_317' title='bbox 727 4699 849 4760; x_wconf 83' lang='lat' dir='ltr'>exsilium</span> <span class='ocrx_word' id='word_1_318' title='bbox 871 4708 1068 4772; x_wconf 77' lang='lat' dir='ltr'>mitteotlbo·</span> <span class='ocrx_word' id='word_1_319' title='bbox 1121 4713 1226 4786; x_wconf 83' lang='lat' dir='ltr'>ligneis,</span> <span class='ocrx_word' id='word_1_320' title='bbox 1241 4717 1288 4774; x_wconf 90' lang='lat' dir='ltr'>sed</span> <span class='ocrx_word' id='word_1_321' title='bbox 1301 4723 1450 4779; x_wconf 81' lang='lat' dir='ltr'>veneranda</span> <span class='ocrx_word' id='word_1_322' title='bbox 1468 4739 1548 4782; x_wconf 85' lang='lat' dir='ltr'>cruce</span> <span class='ocrx_word' id='word_1_323' title='bbox 1563 4724 1669 4785; x_wconf 84' lang='lat' dir='ltr'>liomiui</span> <span class='ocrx_word' id='word_1_324' title='bbox 1689 4735 1859 4798; x_wconf 85' lang='lat' dir='ltr'>tempestatem</span> <span class='ocrx_word' id='word_1_325' title='bbox 1870 4719 1889 4772; x_wconf 83' lang='lat' dir='ltr'>it</span> 
     </span>
     <span class='ocr_line' id='line_1_33' title="bbox 262 4759 1066 4871; baseline 0.066 -61"><span class='ocrx_word' id='word_1_326' title='bbox 262 4759 333 4855; x_wconf 78' lang='lat' dir='ltr'>¹ratini</span> <span class='ocrx_word' id='word_1_327' title='bbox 346 4775 384 4820; x_wconf 84' lang='lat' dir='ltr'>ert</span> <span class='ocrx_word' id='word_1_328' title='bbox 397 4776 474 4840; x_wconf 83' lang='lat' dir='ltr'>terro,</span> <span class='ocrx_word' id='word_1_329' title='bbox 489 4784 514 4830; x_wconf 84' lang='lat' dir='ltr'>et</span> <span class='ocrx_word' id='word_1_330' title='bbox 527 4779 658 4849; x_wconf 81' lang='lat' dir='ltr'>plenitudo</span> <span class='ocrx_word' id='word_1_331' title='bbox 672 4787 727 4857; x_wconf 77' lang='lat' dir='ltr'>ejus</span> <span class='ocrx_word' id='word_1_332' title='bbox 741 4788 827 4860; x_wconf 84' lang='lat' dir='ltr'>(Ptol.</span> <span class='ocrx_word' id='word_1_333' title='bbox 844 4795 888 4854; x_wconf 72' lang='lat'>25.</span> <span class='ocrx_word' id='word_1_334' title='bbox 902 4801 941 4871; x_wconf 77' lang='lat' dir='ltr'>l).</span> <span class='ocrx_word' id='word_1_335' title='bbox 958 4801 1011 4861; x_wconf 89' lang='lat' dir='ltr'>Sed</span> <span class='ocrx_word' id='word_1_336' title='bbox 1025 4805 1066 4862; x_wconf 86' lang='lat' dir='ltr'>la-</span> 
     </span>
    </p>
   </div>
   <div class='ocr_carea' id='block_1_15' title="bbox 155 4852 1888 5920">
    <p class='ocr_par' dir='ltr' id='par_1_15' title="bbox 155 4852 1888 5568">
     <span class='ocr_line' id='line_1_34' title="bbox 268 4852 1888 5010; baseline 0.038 -105"><span class='ocrx_word' id='word_1_337' title='bbox 268 4852 382 4914; x_wconf 87' lang='lat' dir='ltr'>cultates</span> <span class='ocrx_word' id='word_1_338' title='bbox 396 4876 463 4918; x_wconf 82' lang='lat' dir='ltr'>meu</span> <span class='ocrx_word' id='word_1_339' title='bbox 477 4868 704 4936; x_wconf 86' lang='lat' dir='ltr'>publicabunturl</span> <span class='ocrx_word' id='word_1_340' title='bbox 720 4879 796 4939; x_wconf 79' lang='lat' dir='ltr'>nitet</span> <span class='ocrx_word' id='word_1_341' title='bbox 807 4887 938 4948; x_wconf 87' lang='lat' dir='ltr'>intulimus</span> <span class='ocrx_word' id='word_1_342' title='bbox 954 4895 982 4950; x_wconf 80' lang='lat' dir='ltr'>iar</span> <span class='ocrx_word' id='word_1_343' title='bbox 998 4895 1066 4954; x_wconf 79' lang='lat' dir='ltr'>lune</span> <span class='ocrx_word' id='word_1_344' title='bbox 1120 4899 1235 4973; x_wconf 84' lang='lat' dir='ltr'>ideoque</span> <span class='ocrx_word' id='word_1_345' title='bbox 1249 4919 1303 4960; x_wconf 90' lang='lat' dir='ltr'>non</span> <span class='ocrx_word' id='word_1_346' title='bbox 1324 4919 1385 4962; x_wconf 90' lang='lat' dir='ltr'>eum</span> <span class='ocrx_word' id='word_1_347' title='bbox 1399 4907 1426 4962; x_wconf 91' lang='lat' dir='ltr'>iu</span> <span class='ocrx_word' id='word_1_348' title='bbox 1439 4907 1537 4965; x_wconf 87' lang='lat' dir='ltr'>diaboii</span> <span class='ocrx_word' id='word_1_349' title='bbox 1558 4926 1652 4968; x_wconf 87' lang='lat' dir='ltr'>manus</span> <span class='ocrx_word' id='word_1_350' title='bbox 1674 4910 1761 4968; x_wconf 85' lang='lat' dir='ltr'>tradit.</span> <span class='ocrx_word' id='word_1_351' title='bbox 1774 4909 1812 4965; x_wconf 80' lang='lat' dir='ltr'>dn</span> <span class='ocrx_word' id='word_1_352' title='bbox 1829 4906 1888 5010; x_wconf 60' lang='lat' dir='ltr'>igni·</span> 
     </span>
     <span class='ocr_line' id='line_1_35' title="bbox 268 4951 1888 5104; baseline 0.04 -106"><span class='ocrx_word' id='word_1_353' title='bbox 268 4951 400 5022; x_wconf 79' lang='lat' dir='ltr'>utiendum,</span> <span class='ocrx_word' id='word_1_354' title='bbox 418 4968 561 5032; x_wconf 66' lang='lat' dir='ltr'>cetumque</span> <span class='ocrx_word' id='word_1_355' title='bbox 574 4976 611 5022; x_wconf 86' lang='lat' dir='ltr'>est</span> <span class='ocrx_word' id='word_1_356' title='bbox 625 4972 694 5041; x_wconf 84' lang='lat' dir='ltr'>quod</span> <span class='ocrx_word' id='word_1_357' title='bbox 706 4974 772 5031; x_wconf 75' lang='lat' dir='ltr'>stitit</span> <span class='ocrx_word' id='word_1_358' title='bbox 786 4978 846 5035; x_wconf 74' lang='lat' dir='ltr'>irinc</span> <span class='ocrx_word' id='word_1_359' title='bbox 863 4987 1002 5055; x_wconf 83' lang='lat' dir='ltr'>poteriruus</span> <span class='ocrx_word' id='word_1_360' title='bbox 1014 5007 1063 5046; x_wconf 88' lang='lat' dir='ltr'>uu·</span> <span class='ocrx_word' id='word_1_361' title='bbox 1118 5000 1177 5046; x_wconf 83' lang='lat' dir='ltr'>rani</span> <span class='ocrx_word' id='word_1_362' title='bbox 1188 4991 1374 5063; x_wconf 57' lang='lat' dir='ltr'>loominesaas</span> <span class='ocrx_word' id='word_1_363' title='bbox 1387 5000 1560 5070; x_wconf 83' lang='lat' dir='ltr'>purissimum</span> <span class='ocrx_word' id='word_1_364' title='bbox 1575 5005 1703 5061; x_wconf 88' lang='lat' dir='ltr'>immundi</span> <span class='ocrx_word' id='word_1_365' title='bbox 1713 5007 1888 5104; x_wconf 65' lang='lat' dir='ltr'>cumpatiilbii</span> 
     </span>
     <span class='ocr_line' id='line_1_36' title="bbox 266 5043 1887 5198; baseline 0.033 -93"><span class='ocrx_word' id='word_1_366' title='bbox 266 5043 383 5114; x_wconf 71' lang='lat' dir='ltr'>[tirell.</span> <span class='ocrx_word' id='word_1_367' title='bbox 400 5046 464 5104; x_wconf 77' lang='lat' dir='ltr'>Titus.</span> <span class='ocrx_word' id='word_1_368' title='bbox 478 5053 505 5108; x_wconf 83' lang='lat'>6.</span> <span class='ocrx_word' id='word_1_369' title='bbox 519 5055 557 5128; x_wconf 83' lang='lat'>7).</span> <span class='ocrx_word' id='word_1_370' title='bbox 572 5058 625 5116; x_wconf 87' lang='lat' dir='ltr'>Sed</span> <span class='ocrx_word' id='word_1_371' title='bbox 638 5064 773 5138; x_wconf 79' lang='lat' dir='ltr'>scitisque</span> <span class='ocrx_word' id='word_1_372' title='bbox 786 5070 907 5130; x_wconf 86' lang='lat' dir='ltr'>decausa</span> <span class='ocrx_word' id='word_1_373' title='bbox 922 5094 966 5136; x_wconf 89' lang='lat' dir='ltr'>me</span> <span class='ocrx_word' id='word_1_374' title='bbox 979 5081 1062 5154; x_wconf 90' lang='lat' dir='ltr'>depo·</span> <span class='ocrx_word' id='word_1_375' title='bbox 1116 5084 1290 5155; x_wconf 85' lang='lat' dir='ltr'>conspicuum</span> <span class='ocrx_word' id='word_1_376' title='bbox 1312 5087 1390 5144; x_wconf 85' lang='lat' dir='ltr'>llerii</span> <span class='ocrx_word' id='word_1_377' title='bbox 1420 5091 1541 5163; x_wconf 79' lang='lat' dir='ltr'>iratres,</span> <span class='ocrx_word' id='word_1_378' title='bbox 1569 5093 1730 5169; x_wconf 84' lang='lat' dir='ltr'>hypotheses</span> <span class='ocrx_word' id='word_1_379' title='bbox 1751 5091 1831 5198; x_wconf 58' lang='grc' dir='ltr'>1οΡΙῆ</span> <span class='ocrx_word' id='word_1_380' title='bbox 1844 5098 1887 5190; x_wconf 48' lang='grc' dir='ltr'>ΙΨ</span> 
     </span>
     <span class='ocr_line' id='line_1_37' title="bbox 265 5130 1886 5282; baseline 0.03 -99"><span class='ocrx_word' id='word_1_381' title='bbox 265 5130 343 5190; x_wconf 82' lang='lat' dir='ltr'>situri</span> <span class='ocrx_word' id='word_1_382' title='bbox 358 5137 420 5192; x_wconf 88' lang='lat' dir='ltr'>siut.</span> <span class='ocrx_word' id='word_1_383' title='bbox 436 5141 500 5210; x_wconf 75' lang='lat' dir='ltr'>Quia</span> <span class='ocrx_word' id='word_1_384' title='bbox 516 5159 618 5219; x_wconf 85' lang='lat' dir='ltr'>tapetes</span> <span class='ocrx_word' id='word_1_385' title='bbox 633 5171 685 5212; x_wconf 90' lang='lat' dir='ltr'>uon</span> <span class='ocrx_word' id='word_1_386' title='bbox 699 5150 824 5230; x_wconf 82' lang='lat' dir='ltr'>expandi,</span> <span class='ocrx_word' id='word_1_387' title='bbox 837 5176 864 5222; x_wconf 89' lang='lat' dir='ltr'>et</span> <span class='ocrx_word' id='word_1_388' title='bbox 877 5170 970 5228; x_wconf 87' lang='lat' dir='ltr'>sericis</span> <span class='ocrx_word' id='word_1_389' title='bbox 980 5177 1061 5232; x_wconf 66' lang='lat' dir='ltr'>vosti-</span> <span class='ocrx_word' id='word_1_390' title='bbox 1116 5189 1205 5244; x_wconf 93' lang='lat' dir='ltr'>pono,</span> <span class='ocrx_word' id='word_1_391' title='bbox 1223 5177 1301 5234; x_wconf 89' lang='lat' dir='ltr'>iidem</span> <span class='ocrx_word' id='word_1_392' title='bbox 1314 5221 1321 5246; x_wconf 94' lang='lat'>,</span> <span class='ocrx_word' id='word_1_393' title='bbox 1336 5183 1531 5260; x_wconf 79' lang='lat' dir='ltr'>tentationem,</span> <span class='ocrx_word' id='word_1_394' title='bbox 1553 5189 1752 5246; x_wconf 84' lang='lat' dir='ltr'>continentiam.</span> <span class='ocrx_word' id='word_1_395' title='bbox 1765 5185 1797 5243; x_wconf 82' lang='lat' dir='ltr'>St</span> <span class='ocrx_word' id='word_1_396' title='bbox 1808 5182 1886 5282; x_wconf 79' lang='lat' dir='ltr'>dictus</span> 
     </span>
     <span class='ocr_line' id='line_1_38' title="bbox 264 5221 1884 5345; baseline 0.043 -70"><span class='ocrx_word' id='word_1_397' title='bbox 264 5221 316 5278; x_wconf 81' lang='lat' dir='ltr'>itus</span> <span class='ocrx_word' id='word_1_398' title='bbox 335 5243 388 5283; x_wconf 84' lang='lat' dir='ltr'>aron</span> <span class='ocrx_word' id='word_1_399' title='bbox 410 5248 469 5289; x_wconf 91' lang='lat' dir='ltr'>sum</span> <span class='ocrx_word' id='word_1_400' title='bbox 486 5253 566 5311; x_wconf 89' lang='lat' dir='ltr'>usus,</span> <span class='ocrx_word' id='word_1_401' title='bbox 581 5246 641 5314; x_wconf 70' lang='lat' dir='ltr'>traria</span> <span class='ocrx_word' id='word_1_402' title='bbox 656 5264 749 5307; x_wconf 89' lang='lat' dir='ltr'>eorum</span> <span class='ocrx_word' id='word_1_403' title='bbox 763 5255 905 5325; x_wconf 78' lang='lat' dir='ltr'>ingluviem</span> <span class='ocrx_word' id='word_1_404' title='bbox 919 5280 972 5320; x_wconf 91' lang='lat' dir='ltr'>non</span> <span class='ocrx_word' id='word_1_405' title='bbox 990 5266 1058 5337; x_wconf 83' lang='lat' dir='ltr'>lovi,</span> <span class='ocrx_word' id='word_1_406' title='bbox 1115 5264 1195 5324; x_wconf 85' lang='lat' dir='ltr'>bdem</span> <span class='ocrx_word' id='word_1_407' title='bbox 1210 5285 1257 5326; x_wconf 87' lang='lat' dir='ltr'>tos</span> <span class='ocrx_word' id='word_1_408' title='bbox 1271 5275 1415 5345; x_wconf 88' lang='lat' dir='ltr'>sustinere,</span> <span class='ocrx_word' id='word_1_409' title='bbox 1430 5277 1568 5337; x_wconf 87' lang='lat' dir='ltr'>imitamini</span> <span class='ocrx_word' id='word_1_410' title='bbox 1583 5282 1689 5340; x_wconf 89' lang='lat' dir='ltr'>beatum</span> <span class='ocrx_word' id='word_1_411' title='bbox 1704 5279 1838 5341; x_wconf 79' lang='lat' dir='ltr'>tiniam.</span> <span class='ocrx_word' id='word_1_412' title='bbox 1850 5287 1884 5343; x_wconf 76' lang='lat' dir='ltr'>l&#39;l</span> 
     </span>
     <span class='ocr_line' id='line_1_39' title="bbox 165 5332 1882 5482; baseline 0.042 -117"><span class='ocrx_word' id='word_1_413' title='bbox 165 5351 169 5354; x_wconf 83' lang='lat'><em>-</em></span> <span class='ocrx_word' id='word_1_414' title='bbox 264 5332 314 5372; x_wconf 84' lang='lat' dir='ltr'>rme</span> <span class='ocrx_word' id='word_1_415' title='bbox 334 5338 428 5380; x_wconf 84' lang='lat' dir='ltr'>ararum</span> <span class='ocrx_word' id='word_1_416' title='bbox 451 5333 492 5386; x_wconf 87' lang='lat' dir='ltr'>vel</span> <span class='ocrx_word' id='word_1_417' title='bbox 513 5349 651 5407; x_wconf 84' lang='lat' dir='ltr'>argeutum</span> <span class='ocrx_word' id='word_1_418' title='bbox 677 5345 742 5414; x_wconf 90' lang='lat' dir='ltr'>ipsis</span> <span class='ocrx_word' id='word_1_419' title='bbox 759 5349 852 5406; x_wconf 91' lang='lat' dir='ltr'>obtuli.</span> <span class='ocrx_word' id='word_1_420' title='bbox 868 5354 964 5412; x_wconf 86' lang='lat' dir='ltr'>Dicunt</span> <span class='ocrx_word' id='word_1_421' title='bbox 978 5374 1059 5430; x_wconf 90' lang='lat' dir='ltr'>porro</span> <span class='ocrx_word' id='word_1_422' title='bbox 1113 5361 1146 5417; x_wconf 92' lang='lat' dir='ltr'>ad</span> <span class='ocrx_word' id='word_1_423' title='bbox 1165 5375 1331 5426; x_wconf 85' lang='lat' dir='ltr'>senectutem</span> <span class='ocrx_word' id='word_1_424' title='bbox 1343 5373 1523 5442; x_wconf 56' lang='lat' dir='ltr'>pervertisse</span> <span class='ocrx_word' id='word_1_425' title='bbox 1543 5373 1882 5482; x_wconf 65' lang='lat' dir='ltr'>maturosaccepitlrtttllb</span> 
     </span>
     <span class='ocr_line' id='line_1_40' title="bbox 155 5401 1883 5568; baseline 0.038 -108"><span class='ocrx_word' id='word_1_426' title='bbox 155 5467 163 5481; x_wconf 81' lang='lat'><em>.</em></span> <span class='ocrx_word' id='word_1_427' title='bbox 262 5401 326 5469; x_wconf 87' lang='lat' dir='ltr'>milri</span> <span class='ocrx_word' id='word_1_428' title='bbox 340 5433 347 5470; x_wconf 91' lang='lat'><strong>:</strong></span> <span class='ocrx_word' id='word_1_429' title='bbox 361 5417 506 5480; x_wconf 73' lang='lat' dir='ltr'>consedisti</span> <span class='ocrx_word' id='word_1_430' title='bbox 525 5439 553 5484; x_wconf 90' lang='lat' dir='ltr'>et</span> <span class='ocrx_word' id='word_1_431' title='bbox 563 5431 662 5502; x_wconf 88' lang='lat' dir='ltr'>bibisti,</span> <span class='ocrx_word' id='word_1_432' title='bbox 679 5445 707 5493; x_wconf 92' lang='lat' dir='ltr'>et</span> <span class='ocrx_word' id='word_1_433' title='bbox 720 5437 869 5511; x_wconf 85' lang='lat' dir='ltr'>baptizasti.</span> <span class='ocrx_word' id='word_1_434' title='bbox 885 5445 912 5502; x_wconf 89' lang='lat' dir='ltr'>Si</span> <span class='ocrx_word' id='word_1_435' title='bbox 930 5447 981 5506; x_wconf 90' lang='lat' dir='ltr'>ltoc</span> <span class='ocrx_word' id='word_1_436' title='bbox 994 5451 1056 5522; x_wconf 86' lang='lat' dir='ltr'>leci,</span> <span class='ocrx_word' id='word_1_437' title='bbox 1112 5453 1140 5510; x_wconf 88' lang='lat' dir='ltr'>Si</span> <span class='ocrx_word' id='word_1_438' title='bbox 1154 5457 1248 5517; x_wconf 89' lang='lat' dir='ltr'>dicatis</span> <span class='ocrx_word' id='word_1_439' title='bbox 1259 5477 1306 5519; x_wconf 85' lang='lat' dir='ltr'>tos</span> <span class='ocrx_word' id='word_1_440' title='bbox 1331 5467 1504 5526; x_wconf 88' lang='lat' dir='ltr'>tentationem</span> <span class='ocrx_word' id='word_1_441' title='bbox 1518 5473 1659 5541; x_wconf 89' lang='lat' dir='ltr'>sustinere,</span> <span class='ocrx_word' id='word_1_442' title='bbox 1681 5463 1883 5568; x_wconf 26' lang='lat' dir='ltr'>imitamtotflbuti·</span> 
     </span>
    </p>

    <p class='ocr_par' dir='ltr' id='par_1_16' title="bbox 169 5510 1880 5920">
     <span class='ocr_line' id='line_1_41' title="bbox 260 5510 1879 5666; baseline 0.029 -106"><span class='ocrx_word' id='word_1_443' title='bbox 260 5510 401 5566; x_wconf 72' lang='lat' dir='ltr'>:anatliema</span> <span class='ocrx_word' id='word_1_444' title='bbox 417 5517 481 5573; x_wconf 84' lang='lat' dir='ltr'>milri</span> <span class='ocrx_word' id='word_1_445' title='bbox 493 5559 502 5587; x_wconf 91' lang='lat'>,</span> <span class='ocrx_word' id='word_1_446' title='bbox 516 5537 550 5578; x_wconf 91' lang='lat' dir='ltr'>ne</span> <span class='ocrx_word' id='word_1_447' title='bbox 569 5539 698 5585; x_wconf 81' lang='lat' dir='ltr'>numeror</span> <span class='ocrx_word' id='word_1_448' title='bbox 713 5548 774 5588; x_wconf 90' lang='lat' dir='ltr'>cuut</span> <span class='ocrx_word' id='word_1_449' title='bbox 788 5537 939 5609; x_wconf 89' lang='lat' dir='ltr'>episcopis,</span> <span class='ocrx_word' id='word_1_450' title='bbox 955 5557 990 5597; x_wconf 90' lang='lat' dir='ltr'>ue</span> <span class='ocrx_word' id='word_1_451' title='bbox 1004 5543 1056 5600; x_wconf 87' lang='lat' dir='ltr'>sior</span> <span class='ocrx_word' id='word_1_452' title='bbox 1111 5555 1167 5604; x_wconf 91' lang='lat' dir='ltr'>tum</span> <span class='ocrx_word' id='word_1_453' title='bbox 1182 5549 1243 5608; x_wconf 81' lang='lat' dir='ltr'>iob.</span> <span class='ocrx_word' id='word_1_454' title='bbox 1257 5545 1332 5627; x_wconf 79' lang='lat' dir='ltr'>Eius</span> <span class='ocrx_word' id='word_1_455' title='bbox 1342 5573 1431 5618; x_wconf 86' lang='lat' dir='ltr'>mores</span> <span class='ocrx_word' id='word_1_456' title='bbox 1445 5563 1540 5630; x_wconf 89' lang='lat' dir='ltr'>nostis,</span> <span class='ocrx_word' id='word_1_457' title='bbox 1555 5573 1584 5621; x_wconf 88' lang='lat' dir='ltr'>et</span> <span class='ocrx_word' id='word_1_458' title='bbox 1600 5564 1750 5638; x_wconf 91' lang='lat' dir='ltr'>patientiam</span> <span class='ocrx_word' id='word_1_459' title='bbox 1767 5555 1879 5666; x_wconf 70' lang='lat' dir='ltr'>audistis,</span> 
     </span>
     <span class='ocr_line' id='line_1_42' title="bbox 169 5605 1880 5743; baseline 0.028 -83"><span class='ocrx_word' id='word_1_460' title='bbox 169 5605 172 5608; x_wconf 82' lang='grc'>’</span> <span class='ocrx_word' id='word_1_461' title='bbox 259 5613 321 5664; x_wconf 69' lang='lat' dir='ltr'>cittii</span> <span class='ocrx_word' id='word_1_462' title='bbox 338 5607 450 5677; x_wconf 65' lang='lat' dir='ltr'>antelis,</span> <span class='ocrx_word' id='word_1_463' title='bbox 466 5625 500 5668; x_wconf 86' lang='lat' dir='ltr'>ue</span> <span class='ocrx_word' id='word_1_464' title='bbox 514 5612 568 5670; x_wconf 82' lang='lat' dir='ltr'>lieo</span> <span class='ocrx_word' id='word_1_465' title='bbox 580 5619 710 5688; x_wconf 88' lang='lat' dir='ltr'>placeam.</span> <span class='ocrx_word' id='word_1_466' title='bbox 727 5625 836 5684; x_wconf 84' lang='lat' dir='ltr'>Etiamsi</span> <span class='ocrx_word' id='word_1_467' title='bbox 852 5644 916 5687; x_wconf 88' lang='lat' dir='ltr'>uero</span> <span class='ocrx_word' id='word_1_468' title='bbox 928 5633 1055 5691; x_wconf 89' lang='lat' dir='ltr'>comede·</span> <span class='ocrx_word' id='word_1_469' title='bbox 1109 5657 1159 5700; x_wconf 90' lang='lat' dir='ltr'>neo</span> <span class='ocrx_word' id='word_1_470' title='bbox 1169 5645 1407 5722; x_wconf 80' lang='lat' dir='ltr'>ignoratisqualem</span> <span class='ocrx_word' id='word_1_471' title='bbox 1416 5655 1527 5712; x_wconf 88' lang='lat' dir='ltr'>sortitus</span> <span class='ocrx_word' id='word_1_472' title='bbox 1536 5659 1571 5712; x_wconf 89' lang='lat' dir='ltr'>sit</span> <span class='ocrx_word' id='word_1_473' title='bbox 1583 5657 1673 5716; x_wconf 75' lang='lat' dir='ltr'>tinem·</span> <span class='ocrx_word' id='word_1_474' title='bbox 1683 5657 1728 5716; x_wconf 77' lang='lat' dir='ltr'>bin</span> <span class='ocrx_word' id='word_1_475' title='bbox 1737 5653 1816 5712; x_wconf 84' lang='lat' dir='ltr'>relttu</span> <span class='ocrx_word' id='word_1_476' title='bbox 1824 5659 1880 5743; x_wconf 58' lang='lat' dir='ltr'>eviij</span> 
     </span>
     <span class='ocr_line' id='line_1_43' title="bbox 258 5688 1876 5838; baseline 0.041 -86"><span class='ocrx_word' id='word_1_477' title='bbox 258 5688 309 5745; x_wconf 76' lang='lat' dir='ltr'>rim</span> <span class='ocrx_word' id='word_1_478' title='bbox 323 5700 353 5748; x_wconf 77' lang='lat' dir='ltr'>el</span> <span class='ocrx_word' id='word_1_479' title='bbox 373 5695 577 5778; x_wconf 77' lang='lat' dir='ltr'>baptizaverim,</span> <span class='ocrx_word' id='word_1_480' title='bbox 598 5712 664 5769; x_wconf 89' lang='lat' dir='ltr'>nihil</span> <span class='ocrx_word' id='word_1_481' title='bbox 682 5731 775 5776; x_wconf 86' lang='lat' dir='ltr'>eorum</span> <span class='ocrx_word' id='word_1_482' title='bbox 795 5723 971 5796; x_wconf 90' lang='lat' dir='ltr'>inopportune</span> <span class='ocrx_word' id='word_1_483' title='bbox 991 5730 1052 5787; x_wconf 84' lang='lat' dir='ltr'>leci.</span> <span class='ocrx_word' id='word_1_484' title='bbox 1109 5735 1246 5795; x_wconf 88' lang='lat' dir='ltr'>tinentiam</span> <span class='ocrx_word' id='word_1_485' title='bbox 1261 5744 1412 5814; x_wconf 78' lang='lat' dir='ltr'>stistinepe,</span> <span class='ocrx_word' id='word_1_486' title='bbox 1426 5745 1567 5806; x_wconf 88' lang='lat' dir='ltr'>imitamini</span> <span class='ocrx_word' id='word_1_487' title='bbox 1589 5751 1695 5808; x_wconf 89' lang='lat' dir='ltr'>beatum</span> <span class='ocrx_word' id='word_1_488' title='bbox 1713 5742 1820 5815; x_wconf 62' lang='lat' dir='ltr'>Jpsepir,</span> <span class='ocrx_word' id='word_1_489' title='bbox 1840 5748 1876 5838; x_wconf 63' lang='grc' dir='ltr'><em>Ψ</em></span> 
     </span>
     <span class='ocr_line' id='line_1_44' title="bbox 176 5771 1877 5920; baseline 0.038 -82"><span class='ocrx_word' id='word_1_490' title='bbox 176 5771 180 5780; x_wconf 88' lang='grc'><strong>’</strong></span> <span class='ocrx_word' id='word_1_491' title='bbox 257 5779 397 5860; x_wconf 56' lang='lat' dir='ltr'>&amp;pesam</span> <span class='ocrx_word' id='word_1_492' title='bbox 416 5802 444 5852; x_wconf 89' lang='lat' dir='ltr'>et</span> <span class='ocrx_word' id='word_1_493' title='bbox 466 5796 577 5860; x_wconf 83' lang='lat' dir='ltr'>Paulum</span> <span class='ocrx_word' id='word_1_494' title='bbox 597 5808 764 5886; x_wconf 88' lang='lat' dir='ltr'>apostolom,</span> <span class='ocrx_word' id='word_1_495' title='bbox 781 5816 851 5892; x_wconf 84' lang='lat' dir='ltr'>qttod</span> <span class='ocrx_word' id='word_1_496' title='bbox 872 5830 932 5892; x_wconf 92' lang='lat' dir='ltr'>post</span> <span class='ocrx_word' id='word_1_497' title='bbox 947 5834 1051 5882; x_wconf 86' lang='lat' dir='ltr'>coeuaot</span> <span class='ocrx_word' id='word_1_498' title='bbox 1103 5829 1279 5892; x_wconf 81' lang='lat' dir='ltr'>rondituscst</span> <span class='ocrx_word' id='word_1_499' title='bbox 1292 5833 1666 5920; x_wconf 81' lang='lat' dir='ltr'>intligyptuntduceudus,et</span> <span class='ocrx_word' id='word_1_500' title='bbox 1678 5835 1877 5901; x_wconf 60' lang='lat' dir='ltr'>pameuicsctb·</span> 
     </span>
    </p>
   </div>
   <div class='ocr_carea' id='block_1_16' title="bbox 0 0 2076 6342">
    <p class='ocr_par' dir='ltr' id='par_1_17' title="bbox 0 0 2076 6342">
     <span class='ocr_line' id='line_1_45' title="bbox 0 0 2076 6342; baseline 0 17"><span class='ocrx_word' id='word_1_501' title='bbox 0 0 2076 6342; x_wconf 95' lang='lat' dir='ltr'> </span> 
     </span>
    </p>
   </div>
   <div class='ocr_carea' id='block_1_17' title="bbox 1121 4815 1978 4890">
    <p class='ocr_par' dir='ltr' id='par_1_18' title="bbox 1121 4815 1978 4890">
     <span class='ocr_line' id='line_1_46' title="bbox 1121 4815 1978 4890; baseline 0.007 -27"><span class='ocrx_word' id='word_1_502' title='bbox 1121 4822 1214 4879; x_wconf 86' lang='lat' dir='ltr'>pacem</span> <span class='ocrx_word' id='word_1_503' title='bbox 1223 4821 1360 4870; x_wconf 85' lang='lat' dir='ltr'>converto.</span> <span class='ocrx_word' id='word_1_504' title='bbox 1370 4815 1499 4874; x_wconf 81' lang='lat' dir='ltr'>Dominus</span> <span class='ocrx_word' id='word_1_505' title='bbox 1508 4816 1594 4888; x_wconf 81' lang='lat' dir='ltr'>iubet,</span> <span class='ocrx_word' id='word_1_506' title='bbox 1604 4832 1630 4876; x_wconf 91' lang='lat' dir='ltr'>et</span> <span class='ocrx_word' id='word_1_507' title='bbox 1642 4829 1782 4879; x_wconf 88' lang='lat' dir='ltr'>coronatur</span> <span class='ocrx_word' id='word_1_508' title='bbox 1793 4825 1887 4874; x_wconf 83' lang='lat' dir='ltr'>sersus:</span> <span class='ocrx_word' id='word_1_509' title='bbox 1977 4887 1978 4890; x_wconf 7' lang='grc' dir='ltr'><strong>Ἴ</strong></span> 
     </span>
    </p>
   </div>
  </div>
 </body>
</html>
