<?xml version="1.0" encoding="UTF-8"?>
<!DOCTYPE html PUBLIC "-//W3C//DTD XHTML 1.0 Transitional//EN"
    "http://www.w3.org/TR/xhtml1/DTD/xhtml1-transitional.dtd">
<html xmlns="http://www.w3.org/1999/xhtml" xml:lang="en" lang="en">
 <head>
  <title>
</title>
<meta http-equiv="Content-Type" content="text/html;charset=utf-8" />
  <meta name='ocr-system' content='tesseract 3.04.00' />
  <meta name='ocr-capabilities' content='ocr_page ocr_carea ocr_par ocr_line ocrx_word'/>
</head>
<body>
  <div class='ocr_page' id='page_1' title='image "./patrologicursus83migngoog_0380.png"; bbox 0 0 4142 6342; ppageno 0'>
   <div class='ocr_carea' id='block_1_1' title="bbox 289 331 343 390">
    <p class='ocr_par' dir='ltr' id='par_1_1' title="bbox 289 331 343 390">
     <span class='ocr_line' id='line_1_1' title="bbox 289 331 343 390; baseline 0.037 -2"><span class='ocrx_word' id='word_1_1' title='bbox 289 331 343 390; x_wconf 71' lang='lat'>75⁹</span> 
     </span>
    </p>
   </div>
   <div class='ocr_carea' id='block_1_2' title="bbox 231 435 1125 3916">
    <p class='ocr_par' dir='ltr' id='par_1_2' title="bbox 257 435 1111 700">
     <span class='ocr_line' id='line_1_2' title="bbox 257 435 1111 512; baseline -0.002 -12"><span class='ocrx_word' id='word_1_2' title='bbox 257 439 260 442; x_wconf 66' lang='grc'><strong><em>’</em></strong></span> <span class='ocrx_word' id='word_1_3' title='bbox 289 443 400 502; x_wconf 83' lang='lat' dir='ltr'>ltontitte</span> <span class='ocrx_word' id='word_1_4' title='bbox 425 446 574 503; x_wconf 68' lang='lat' dir='ltr'>contribule</span> <span class='ocrx_word' id='word_1_5' title='bbox 597 461 647 503; x_wconf 86' lang='lat' dir='ltr'>suo</span> <span class='ocrx_word' id='word_1_6' title='bbox 671 456 780 502; x_wconf 88' lang='lat' dir='ltr'>coactus</span> <span class='ocrx_word' id='word_1_7' title='bbox 800 456 859 512; x_wconf 87' lang='lat' dir='ltr'>est;</span> <span class='ocrx_word' id='word_1_8' title='bbox 886 460 977 501; x_wconf 89' lang='lat' dir='ltr'>uouue</span> <span class='ocrx_word' id='word_1_9' title='bbox 997 443 1081 499; x_wconf 83' lang='lat' dir='ltr'>inulto</span> <span class='ocrx_word' id='word_1_10' title='bbox 1110 435 1111 440; x_wconf 50' lang='lat'>&#39;</span> 
     </span>
     <span class='ocr_line' id='line_1_3' title="bbox 288 535 1085 606; baseline -0.001 -16"><span class='ocrx_word' id='word_1_11' title='bbox 288 535 375 606; x_wconf 72' lang='lat' dir='ltr'>magu</span> <span class='ocrx_word' id='word_1_12' title='bbox 386 535 488 592; x_wconf 83' lang='lat' dir='ltr'>bomini</span> <span class='ocrx_word' id='word_1_13' title='bbox 502 550 550 606; x_wconf 87' lang='lat' dir='ltr'>per</span> <span class='ocrx_word' id='word_1_14' title='bbox 563 536 645 592; x_wconf 83' lang='lat' dir='ltr'>tatum</span> <span class='ocrx_word' id='word_1_15' title='bbox 656 547 761 605; x_wconf 85' lang='lat' dir='ltr'>coacto,</span> <span class='ocrx_word' id='word_1_16' title='bbox 772 537 980 593; x_wconf 76' lang='lat' dir='ltr'>condonandum</span> <span class='ocrx_word' id='word_1_17' title='bbox 990 536 1085 592; x_wconf 80' lang='lat' dir='ltr'>esset?</span> 
     </span>
     <span class='ocr_line' id='line_1_4' title="bbox 289 628 1082 700; baseline -0.001 -16"><span class='ocrx_word' id='word_1_18' title='bbox 289 629 368 699; x_wconf 73' lang='lat' dir='ltr'>Atqui</span> <span class='ocrx_word' id='word_1_19' title='bbox 378 628 566 700; x_wconf 77' lang='lat' dir='ltr'>aufugienduut</span> <span class='ocrx_word' id='word_1_20' title='bbox 579 639 650 686; x_wconf 86' lang='lat' dir='ltr'>erat.</span> <span class='ocrx_word' id='word_1_21' title='bbox 678 630 779 686; x_wconf 84' lang='lat' dir='ltr'>lterum</span> <span class='ocrx_word' id='word_1_22' title='bbox 789 630 878 697; x_wconf 91' lang='lat' dir='ltr'>iltius,</span> <span class='ocrx_word' id='word_1_23' title='bbox 891 638 921 684; x_wconf 94' lang='lat' dir='ltr'>ut</span> <span class='ocrx_word' id='word_1_24' title='bbox 931 630 1015 696; x_wconf 87' lang='lat' dir='ltr'>aiunt,</span> <span class='ocrx_word' id='word_1_25' title='bbox 1030 628 1082 683; x_wconf 92' lang='lat' dir='ltr'>im·</span> 
     </span>
    </p>

    <p class='ocr_par' dir='ltr' id='par_1_3' title="bbox 271 720 1083 884">
     <span class='ocr_line' id='line_1_5' title="bbox 271 720 1080 794; baseline -0.001 -19"><span class='ocrx_word' id='word_1_26' title='bbox 271 763 274 768; x_wconf 91' lang='lat'>.</span> <span class='ocrx_word' id='word_1_27' title='bbox 288 721 392 790; x_wconf 91' lang='lat' dir='ltr'>perium</span> <span class='ocrx_word' id='word_1_28' title='bbox 402 720 442 776; x_wconf 91' lang='lat' dir='ltr'>sie</span> <span class='ocrx_word' id='word_1_29' title='bbox 454 721 717 792; x_wconf 80' lang='lat' dir='ltr'>inexpugnabiieest,</span> <span class='ocrx_word' id='word_1_30' title='bbox 728 724 887 794; x_wconf 88' lang='lat' dir='ltr'>tttqttaturis</span> <span class='ocrx_word' id='word_1_31' title='bbox 895 723 923 776; x_wconf 91' lang='lat' dir='ltr'>in</span> <span class='ocrx_word' id='word_1_32' title='bbox 931 721 1080 786; x_wconf 88' lang='lat' dir='ltr'>desertum,</span> 
     </span>
     <span class='ocr_line' id='line_1_6' title="bbox 288 799 1083 884; baseline 0.005 -18"><span class='ocrx_word' id='word_1_33' title='bbox 288 799 411 880; x_wconf 83' lang='lat' dir='ltr'>quamuis</span> <span class='ocrx_word' id='word_1_34' title='bbox 424 811 451 866; x_wconf 89' lang='lat' dir='ltr'>iu</span> <span class='ocrx_word' id='word_1_35' title='bbox 461 826 546 879; x_wconf 86' lang='lat' dir='ltr'>utare,</span> <span class='ocrx_word' id='word_1_36' title='bbox 555 815 765 884; x_wconf 86' lang='lat' dir='ltr'>quamvisaiium</span> <span class='ocrx_word' id='word_1_37' title='bbox 777 816 804 869; x_wconf 95' lang='lat' dir='ltr'>in</span> <span class='ocrx_word' id='word_1_38' title='bbox 813 815 900 870; x_wconf 89' lang='lat' dir='ltr'>locum</span> <span class='ocrx_word' id='word_1_39' title='bbox 909 825 936 869; x_wconf 88' lang='lat' dir='ltr'>te</span> <span class='ocrx_word' id='word_1_40' title='bbox 947 815 1083 882; x_wconf 83' lang='lat' dir='ltr'>conteras,</span> 
     </span>
    </p>

    <p class='ocr_par' dir='ltr' id='par_1_4' title="bbox 269 903 1083 982">
     <span class='ocr_line' id='line_1_7' title="bbox 269 903 1083 982; baseline 0.01 -26"><span class='ocrx_word' id='word_1_41' title='bbox 269 937 273 945; x_wconf 79' lang='lat'><em>,</em></span> <span class='ocrx_word' id='word_1_42' title='bbox 288 903 347 972; x_wconf 82' lang='lat' dir='ltr'>ejus</span> <span class='ocrx_word' id='word_1_43' title='bbox 367 903 463 974; x_wconf 79' lang='lat' dir='ltr'>placita</span> <span class='ocrx_word' id='word_1_44' title='bbox 478 904 487 938; x_wconf 91' lang='lat'>¹</span> <span class='ocrx_word' id='word_1_45' title='bbox 500 918 553 960; x_wconf 92' lang='lat' dir='ltr'>non</span> <span class='ocrx_word' id='word_1_46' title='bbox 568 906 689 978; x_wconf 85' lang='lat' dir='ltr'>eiiugias.</span> <span class='ocrx_word' id='word_1_47' title='bbox 711 909 851 975; x_wconf 83' lang='lat' dir='ltr'>erumodo</span> <span class='ocrx_word' id='word_1_48' title='bbox 871 909 951 980; x_wconf 87' lang='lat' dir='ltr'>igitur</span> <span class='ocrx_word' id='word_1_49' title='bbox 963 923 1015 963; x_wconf 91' lang='lat' dir='ltr'>uon</span> <span class='ocrx_word' id='word_1_50' title='bbox 1033 909 1083 982; x_wconf 82' lang='lat' dir='ltr'>ab·</span> 
     </span>
    </p>

    <p class='ocr_par' dir='ltr' id='par_1_5' title="bbox 271 992 1083 1161">
     <span class='ocr_line' id='line_1_8' title="bbox 271 992 1083 1070; baseline 0.009 -23"><span class='ocrx_word' id='word_1_51' title='bbox 271 1037 275 1042; x_wconf 86' lang='lat'>.</span> <span class='ocrx_word' id='word_1_52' title='bbox 288 992 399 1050; x_wconf 90' lang='lat' dir='ltr'>surdum</span> <span class='ocrx_word' id='word_1_53' title='bbox 410 992 490 1051; x_wconf 86' lang='lat' dir='ltr'>luerit</span> <span class='ocrx_word' id='word_1_54' title='bbox 500 1037 510 1063; x_wconf 94' lang='lat'>,</span> <span class='ocrx_word' id='word_1_55' title='bbox 521 1013 585 1055; x_wconf 83' lang='lat' dir='ltr'>cusu</span> <span class='ocrx_word' id='word_1_56' title='bbox 607 999 651 1070; x_wconf 89' lang='lat' dir='ltr'>qui</span> <span class='ocrx_word' id='word_1_57' title='bbox 665 1014 681 1053; x_wconf 90' lang='lat' dir='ltr'>a</span> <span class='ocrx_word' id='word_1_58' title='bbox 696 999 817 1055; x_wconf 85' lang='lat' dir='ltr'>barbaris</span> <span class='ocrx_word' id='word_1_59' title='bbox 828 1015 922 1070; x_wconf 89' lang='lat' dir='ltr'>magna</span> <span class='ocrx_word' id='word_1_60' title='bbox 933 1001 958 1054; x_wconf 83' lang='lat' dir='ltr'>ri</span> <span class='ocrx_word' id='word_1_61' title='bbox 970 999 1083 1070; x_wconf 91' lang='lat' dir='ltr'>cogitur,</span> 
     </span>
     <span class='ocr_line' id='line_1_9' title="bbox 288 1081 1083 1161; baseline 0.009 -24"><span class='ocrx_word' id='word_1_62' title='bbox 288 1081 368 1140; x_wconf 85' lang='lat' dir='ltr'>iaeiie</span> <span class='ocrx_word' id='word_1_63' title='bbox 388 1086 494 1142; x_wconf 84' lang='lat' dir='ltr'>reniam</span> <span class='ocrx_word' id='word_1_64' title='bbox 517 1089 681 1158; x_wconf 86' lang='lat' dir='ltr'>impetrare,</span> <span class='ocrx_word' id='word_1_65' title='bbox 705 1099 734 1146; x_wconf 92' lang='lat' dir='ltr'>ut</span> <span class='ocrx_word' id='word_1_66' title='bbox 756 1091 911 1161; x_wconf 89' lang='lat' dir='ltr'>nequidem</span> <span class='ocrx_word' id='word_1_67' title='bbox 932 1100 1083 1156; x_wconf 87' lang='lat' dir='ltr'>accusetur,</span> 
     </span>
    </p>

    <p class='ocr_par' dir='ltr' id='par_1_6' title="bbox 267 1179 1085 1249">
     <span class='ocr_line' id='line_1_10' title="bbox 267 1179 1085 1249; baseline 0.01 -21"><span class='ocrx_word' id='word_1_68' title='bbox 267 1221 272 1228; x_wconf 88' lang='lat'>.</span> <span class='ocrx_word' id='word_1_69' title='bbox 287 1189 350 1230; x_wconf 88' lang='lat' dir='ltr'>eum</span> <span class='ocrx_word' id='word_1_70' title='bbox 360 1191 439 1242; x_wconf 79' lang='lat' dir='ltr'>sero,</span> <span class='ocrx_word' id='word_1_71' title='bbox 451 1179 497 1248; x_wconf 87' lang='lat' dir='ltr'>qui</span> <span class='ocrx_word' id='word_1_72' title='bbox 509 1182 669 1249; x_wconf 81' lang='lat' dir='ltr'>psoteutiore,</span> <span class='ocrx_word' id='word_1_73' title='bbox 684 1194 714 1236; x_wconf 93' lang='lat' dir='ltr'>ut</span> <span class='ocrx_word' id='word_1_74' title='bbox 726 1183 816 1247; x_wconf 89' lang='lat' dir='ltr'>aiuut,</span> <span class='ocrx_word' id='word_1_75' title='bbox 833 1182 996 1238; x_wconf 73' lang='lat' dir='ltr'>necessitate</span> <span class='ocrx_word' id='word_1_76' title='bbox 1008 1198 1085 1238; x_wconf 92' lang='lat' dir='ltr'>corn-</span> 
     </span>
    </p>

    <p class='ocr_par' dir='ltr' id='par_1_7' title="bbox 270 1267 1086 1344">
     <span class='ocr_line' id='line_1_11' title="bbox 270 1267 1086 1344; baseline 0.009 -22"><span class='ocrx_word' id='word_1_77' title='bbox 270 1267 419 1338; x_wconf 76' lang='lat' dir='ltr'>peilitor,</span> <span class='ocrx_word' id='word_1_78' title='bbox 435 1286 528 1341; x_wconf 86' lang='lat' dir='ltr'>poeuas</span> <span class='ocrx_word' id='word_1_79' title='bbox 541 1273 624 1340; x_wconf 81' lang='lat' dir='ltr'>itare,</span> <span class='ocrx_word' id='word_1_80' title='bbox 640 1289 727 1344; x_wconf 89' lang='lat' dir='ltr'>ueque</span> <span class='ocrx_word' id='word_1_81' title='bbox 738 1274 772 1329; x_wconf 90' lang='lat' dir='ltr'>ad</span> <span class='ocrx_word' id='word_1_82' title='bbox 784 1289 872 1330; x_wconf 87' lang='lat' dir='ltr'>causae</span> <span class='ocrx_word' id='word_1_83' title='bbox 881 1290 937 1329; x_wconf 79' lang='lat' dir='ltr'>sum</span> <span class='ocrx_word' id='word_1_84' title='bbox 950 1274 1086 1330; x_wconf 81' lang='lat' dir='ltr'>detersio·</span> 
     </span>
    </p>

    <p class='ocr_par' dir='ltr' id='par_1_8' title="bbox 270 1359 1085 1618">
     <span class='ocr_line' id='line_1_12' title="bbox 270 1359 1085 1436; baseline 0.007 -22"><span class='ocrx_word' id='word_1_85' title='bbox 270 1404 274 1414; x_wconf 90' lang='grc'><em>,</em></span> <span class='ocrx_word' id='word_1_86' title='bbox 289 1373 351 1415; x_wconf 90' lang='lat' dir='ltr'>netu</span> <span class='ocrx_word' id='word_1_87' title='bbox 363 1359 489 1416; x_wconf 79' lang='lat' dir='ltr'>admittit</span> <span class='ocrx_word' id='word_1_88' title='bbox 502 1362 665 1420; x_wconf 79' lang='lat' dir='ltr'>liestmeuim</span> <span class='ocrx_word' id='word_1_89' title='bbox 675 1381 802 1436; x_wconf 82' lang='lat' dir='ltr'>nusquam</span> <span class='ocrx_word' id='word_1_90' title='bbox 818 1367 900 1421; x_wconf 89' lang='lat' dir='ltr'>iatum</span> <span class='ocrx_word' id='word_1_91' title='bbox 917 1365 1085 1435; x_wconf 74' lang='lat' dir='ltr'>praetettdens</span> 
     </span>
     <span class='ocr_line' id='line_1_13' title="bbox 290 1453 1085 1529; baseline 0.008 -21"><span class='ocrx_word' id='word_1_92' title='bbox 290 1467 385 1522; x_wconf 77' lang='lat' dir='ltr'>poettns</span> <span class='ocrx_word' id='word_1_93' title='bbox 405 1453 496 1523; x_wconf 83' lang='lat' dir='ltr'>eti&#39;ugit</span> <span class='ocrx_word' id='word_1_94' title='bbox 513 1472 587 1512; x_wconf 86' lang='lat' dir='ltr'>:nou</span> <span class='ocrx_word' id='word_1_95' title='bbox 608 1458 636 1513; x_wconf 91' lang='lat' dir='ltr'>iu</span> <span class='ocrx_word' id='word_1_96' title='bbox 654 1459 713 1513; x_wconf 85' lang='lat' dir='ltr'>loro</span> <span class='ocrx_word' id='word_1_97' title='bbox 730 1457 849 1529; x_wconf 83' lang='lat' dir='ltr'>judiciali</span> <span class='ocrx_word' id='word_1_98' title='bbox 865 1459 1016 1524; x_wconf 82' lang='lat' dir='ltr'>analeticos,</span> <span class='ocrx_word' id='word_1_99' title='bbox 1030 1473 1085 1514; x_wconf 94' lang='lat' dir='ltr'>uon</span> 
     </span>
     <span class='ocr_line' id='line_1_14' title="bbox 289 1542 1085 1618; baseline 0.009 -21"><span class='ocrx_word' id='word_1_100' title='bbox 289 1542 509 1613; x_wconf 64' lang='lat' dir='ltr'>winimundus,</span> <span class='ocrx_word' id='word_1_101' title='bbox 524 1562 577 1602; x_wconf 92' lang='lat' dir='ltr'>non</span> <span class='ocrx_word' id='word_1_102' title='bbox 593 1548 620 1602; x_wconf 92' lang='lat' dir='ltr'>in</span> <span class='ocrx_word' id='word_1_103' title='bbox 635 1549 699 1604; x_wconf 92' lang='lat' dir='ltr'>ludo</span> <span class='ocrx_word' id='word_1_104' title='bbox 714 1563 800 1618; x_wconf 85' lang='lat' dir='ltr'>puer,</span> <span class='ocrx_word' id='word_1_105' title='bbox 815 1564 868 1604; x_wconf 85' lang='lat' dir='ltr'>unit</span> <span class='ocrx_word' id='word_1_106' title='bbox 882 1549 910 1604; x_wconf 91' lang='lat' dir='ltr'>iu</span> <span class='ocrx_word' id='word_1_107' title='bbox 924 1551 1027 1604; x_wconf 86' lang='lat' dir='ltr'>artibus</span> <span class='ocrx_word' id='word_1_108' title='bbox 1043 1550 1085 1604; x_wconf 94' lang='lat' dir='ltr'>di-</span> 
     </span>
    </p>

    <p class='ocr_par' dir='ltr' id='par_1_9' title="bbox 271 1635 1086 1894">
     <span class='ocr_line' id='line_1_15' title="bbox 271 1635 1086 1713; baseline 0.011 -26"><span class='ocrx_word' id='word_1_109' title='bbox 271 1635 427 1706; x_wconf 81' lang='lat' dir='ltr'>.seipuios,</span> <span class='ocrx_word' id='word_1_110' title='bbox 448 1638 597 1709; x_wconf 85' lang='lat' dir='ltr'>siquando</span> <span class='ocrx_word' id='word_1_111' title='bbox 615 1640 634 1694; x_wconf 92' lang='lat' dir='ltr'>ii</span> <span class='ocrx_word' id='word_1_112' title='bbox 653 1643 831 1711; x_wconf 73' lang='lat' dir='ltr'>peccaverint.</span> <span class='ocrx_word' id='word_1_113' title='bbox 852 1640 993 1708; x_wconf 75' lang='lat' dir='ltr'><strong>Quomodo</strong></span> <span class='ocrx_word' id='word_1_114' title='bbox 1006 1641 1086 1713; x_wconf 88' lang='lat' dir='ltr'>igitur</span> 
     </span>
     <span class='ocr_line' id='line_1_16' title="bbox 288 1725 1085 1804; baseline 0.01 -24"><span class='ocrx_word' id='word_1_115' title='bbox 288 1726 399 1795; x_wconf 84' lang='lat' dir='ltr'>quidam</span> <span class='ocrx_word' id='word_1_116' title='bbox 413 1725 500 1784; x_wconf 77' lang='lat' dir='ltr'>iatum.</span> <span class='ocrx_word' id='word_1_117' title='bbox 510 1739 637 1798; x_wconf 89' lang='lat' dir='ltr'>toerrtor,</span> <span class='ocrx_word' id='word_1_118' title='bbox 657 1733 703 1802; x_wconf 90' lang='lat' dir='ltr'>qui</span> <span class='ocrx_word' id='word_1_119' title='bbox 724 1732 787 1786; x_wconf 87' lang='lat' dir='ltr'>iliud</span> <span class='ocrx_word' id='word_1_120' title='bbox 801 1733 841 1788; x_wconf 88' lang='lat' dir='ltr'>sie</span> <span class='ocrx_word' id='word_1_121' title='bbox 858 1733 997 1801; x_wconf 79' lang='lat' dir='ltr'>infamant,</span> <span class='ocrx_word' id='word_1_122' title='bbox 1012 1733 1085 1804; x_wconf 85' lang='lat' dir='ltr'>ejus-</span> 
     </span>
     <span class='ocr_line' id='line_1_17' title="bbox 288 1818 1086 1894; baseline 0.005 -20"><span class='ocrx_word' id='word_1_123' title='bbox 288 1831 344 1888; x_wconf 89' lang='lat' dir='ltr'>que</span> <span class='ocrx_word' id='word_1_124' title='bbox 356 1818 508 1875; x_wconf 72' lang='lat' dir='ltr'>necessitati</span> <span class='ocrx_word' id='word_1_125' title='bbox 518 1821 698 1878; x_wconf 89' lang='lat' dir='ltr'>neminimom</span> <span class='ocrx_word' id='word_1_126' title='bbox 708 1820 816 1894; x_wconf 87' lang='lat' dir='ltr'>quidem</span> <span class='ocrx_word' id='word_1_127' title='bbox 823 1826 908 1880; x_wconf 78' lang='lat' dir='ltr'>neuim</span> <span class='ocrx_word' id='word_1_128' title='bbox 918 1823 1086 1881; x_wconf 76' lang='lat' dir='ltr'>etneelunti</span> 
     </span>
    </p>

    <p class='ocr_par' dir='ltr' id='par_1_10' title="bbox 274 1905 1087 1985">
     <span class='ocr_line' id='line_1_18' title="bbox 274 1905 1087 1985; baseline 0.011 -23"><span class='ocrx_word' id='word_1_129' title='bbox 274 1905 329 1964; x_wconf 77' lang='lat' dir='ltr'>lta</span> <span class='ocrx_word' id='word_1_130' title='bbox 348 1923 446 1980; x_wconf 88' lang='lat' dir='ltr'>ueotpo</span> <span class='ocrx_word' id='word_1_131' title='bbox 463 1913 574 1968; x_wconf 80' lang='lat' dir='ltr'>ueritate</span> <span class='ocrx_word' id='word_1_132' title='bbox 586 1922 614 1969; x_wconf 91' lang='lat' dir='ltr'>et</span> <span class='ocrx_word' id='word_1_133' title='bbox 625 1915 788 1980; x_wconf 66' lang='lat' dir='ltr'>conscientie</span> <span class='ocrx_word' id='word_1_134' title='bbox 803 1930 850 1970; x_wconf 87' lang='lat' dir='ltr'>soa</span> <span class='ocrx_word' id='word_1_135' title='bbox 867 1916 997 1985; x_wconf 87' lang='lat' dir='ltr'>pennoti,</span> <span class='ocrx_word' id='word_1_136' title='bbox 1012 1915 1087 1971; x_wconf 89' lang='lat' dir='ltr'>iabu-</span> 
     </span>
    </p>

    <p class='ocr_par' dir='ltr' id='par_1_11' title="bbox 273 2001 1125 2077">
     <span class='ocr_line' id='line_1_19' title="bbox 273 2001 1125 2077; baseline 0.009 -22"><span class='ocrx_word' id='word_1_137' title='bbox 273 2001 346 2062; x_wconf 76' lang='lat' dir='ltr'>,lauu</span> <span class='ocrx_word' id='word_1_138' title='bbox 359 2013 534 2073; x_wconf 79' lang='lat' dir='ltr'>esseputatu.</span> <span class='ocrx_word' id='word_1_139' title='bbox 555 2004 622 2060; x_wconf 89' lang='lat' dir='ltr'>Com</span> <span class='ocrx_word' id='word_1_140' title='bbox 643 2018 734 2066; x_wconf 80' lang='lat' dir='ltr'>notem</span> <span class='ocrx_word' id='word_1_141' title='bbox 751 2007 776 2059; x_wconf 90' lang='lat' dir='ltr'>iu</span> <span class='ocrx_word' id='word_1_142' title='bbox 790 2008 881 2077; x_wconf 84' lang='lat' dir='ltr'>grauia</span> <span class='ocrx_word' id='word_1_143' title='bbox 900 2015 1008 2076; x_wconf 74' lang='lat' dir='ltr'>pecunia</span> <span class='ocrx_word' id='word_1_144' title='bbox 1019 2007 1086 2077; x_wconf 86' lang='lat' dir='ltr'>lapsi</span> <span class='ocrx_word' id='word_1_145' title='bbox 1123 2015 1125 2020; x_wconf 88' lang='lat'>&#39;</span> 
     </span>
    </p>

    <p class='ocr_par' dir='ltr' id='par_1_12' title="bbox 275 2093 1085 2169">
     <span class='ocr_line' id='line_1_20' title="bbox 275 2093 1085 2169; baseline 0.007 -23"><span class='ocrx_word' id='word_1_146' title='bbox 275 2093 400 2159; x_wconf 81' lang='lat' dir='ltr'>-iueriut,</span> <span class='ocrx_word' id='word_1_147' title='bbox 413 2095 483 2150; x_wconf 87' lang='lat' dir='ltr'>atiud</span> <span class='ocrx_word' id='word_1_148' title='bbox 496 2111 589 2151; x_wconf 90' lang='lat' dir='ltr'>rursus</span> <span class='ocrx_word' id='word_1_149' title='bbox 603 2099 784 2168; x_wconf 75' lang='lat' dir='ltr'>praetendunt,</span> <span class='ocrx_word' id='word_1_150' title='bbox 800 2114 854 2169; x_wconf 90' lang='lat' dir='ltr'>quo</span> <span class='ocrx_word' id='word_1_151' title='bbox 867 2113 897 2152; x_wconf 85' lang='lat' dir='ltr'>se</span> <span class='ocrx_word' id='word_1_152' title='bbox 912 2113 1005 2168; x_wconf 85' lang='lat' dir='ltr'>poeuas</span> <span class='ocrx_word' id='word_1_153' title='bbox 1016 2099 1085 2154; x_wconf 79' lang='lat' dir='ltr'>edu·</span> 
     </span>
    </p>

    <p class='ocr_par' dir='ltr' id='par_1_13' title="bbox 273 2183 1123 2268">
     <span class='ocr_line' id='line_1_21' title="bbox 273 2183 1123 2268; baseline 0.007 -29"><span class='ocrx_word' id='word_1_154' title='bbox 273 2198 357 2268; x_wconf 75' lang='lat' dir='ltr'>,gere</span> <span class='ocrx_word' id='word_1_155' title='bbox 377 2200 455 2254; x_wconf 88' lang='lat' dir='ltr'>posse</span> <span class='ocrx_word' id='word_1_156' title='bbox 478 2195 587 2256; x_wconf 90' lang='lat' dir='ltr'>putant,</span> <span class='ocrx_word' id='word_1_157' title='bbox 612 2188 688 2259; x_wconf 72' lang='lat' dir='ltr'>quau</span> <span class='ocrx_word' id='word_1_158' title='bbox 713 2203 777 2244; x_wconf 80' lang='lat' dir='ltr'>sero</span> <span class='ocrx_word' id='word_1_159' title='bbox 797 2205 852 2244; x_wconf 89' lang='grc' dir='ltr'>ιιοιι</span> <span class='ocrx_word' id='word_1_160' title='bbox 874 2190 934 2245; x_wconf 87' lang='lat' dir='ltr'>ideo</span> <span class='ocrx_word' id='word_1_161' title='bbox 950 2189 1087 2260; x_wconf 87' lang='lat' dir='ltr'>graviores</span> <span class='ocrx_word' id='word_1_162' title='bbox 1121 2183 1123 2192; x_wconf 73' lang='grc'>’</span> 
     </span>
    </p>

    <p class='ocr_par' dir='ltr' id='par_1_14' title="bbox 274 2275 1088 2536">
     <span class='ocr_line' id='line_1_22' title="bbox 274 2275 1088 2352; baseline 0.002 -18"><span class='ocrx_word' id='word_1_163' title='bbox 274 2325 277 2334; x_wconf 97' lang='grc'>.</span> <span class='ocrx_word' id='word_1_164' title='bbox 290 2275 390 2334; x_wconf 82' lang='lat' dir='ltr'>daturi.</span> <span class='ocrx_word' id='word_1_165' title='bbox 403 2277 509 2333; x_wconf 79' lang='lat' dir='ltr'>Etettim</span> <span class='ocrx_word' id='word_1_166' title='bbox 521 2295 576 2334; x_wconf 92' lang='lat' dir='ltr'>non</span> <span class='ocrx_word' id='word_1_167' title='bbox 586 2289 639 2334; x_wconf 74' lang='grc' dir='ltr'>ιιιιιι</span> <span class='ocrx_word' id='word_1_168' title='bbox 652 2295 734 2352; x_wconf 83' lang='lat' dir='ltr'>grave</span> <span class='ocrx_word' id='word_1_169' title='bbox 744 2289 786 2335; x_wconf 66' lang='lat' dir='ltr'>est</span> <span class='ocrx_word' id='word_1_170' title='bbox 797 2297 918 2351; x_wconf 80' lang='lat' dir='ltr'>peretto,</span> <span class='ocrx_word' id='word_1_171' title='bbox 933 2295 1014 2352; x_wconf 91' lang='lat' dir='ltr'>quam</span> <span class='ocrx_word' id='word_1_172' title='bbox 1027 2289 1088 2350; x_wconf 90' lang='lat' dir='ltr'>post</span> 
     </span>
     <span class='ocr_line' id='line_1_23' title="bbox 293 2369 1086 2443; baseline 0.004 -19"><span class='ocrx_word' id='word_1_173' title='bbox 293 2377 432 2437; x_wconf 83' lang='lat' dir='ltr'>peceatum</span> <span class='ocrx_word' id='word_1_174' title='bbox 445 2369 614 2441; x_wconf 86' lang='lat' dir='ltr'>itupudenter</span> <span class='ocrx_word' id='word_1_175' title='bbox 633 2387 733 2443; x_wconf 82' lang='lat' dir='ltr'>agere,</span> <span class='ocrx_word' id='word_1_176' title='bbox 756 2382 783 2427; x_wconf 87' lang='lat' dir='ltr'>et</span> <span class='ocrx_word' id='word_1_177' title='bbox 798 2381 907 2442; x_wconf 90' lang='lat' dir='ltr'>propter</span> <span class='ocrx_word' id='word_1_178' title='bbox 921 2373 1023 2428; x_wconf 85' lang='lat' dir='ltr'>seelera</span> <span class='ocrx_word' id='word_1_179' title='bbox 1037 2386 1086 2428; x_wconf 88' lang='lat' dir='ltr'>soa</span> 
     </span>
     <span class='ocr_line' id='line_1_24' title="bbox 279 2460 1087 2536; baseline 0.012 -22"><span class='ocrx_word' id='word_1_180' title='bbox 279 2460 377 2530; x_wconf 51' lang='lat' dir='ltr'>‚betam</span> <span class='ocrx_word' id='word_1_181' title='bbox 388 2475 524 2518; x_wconf 88' lang='lat' dir='ltr'>accusare.</span> <span class='ocrx_word' id='word_1_182' title='bbox 537 2463 594 2520; x_wconf 84' lang='lat' dir='ltr'>lior</span> <span class='ocrx_word' id='word_1_183' title='bbox 607 2465 725 2520; x_wconf 89' lang='lat' dir='ltr'>omnium</span> <span class='ocrx_word' id='word_1_184' title='bbox 740 2474 907 2536; x_wconf 85' lang='lat' dir='ltr'>peecatorum</span> <span class='ocrx_word' id='word_1_185' title='bbox 919 2466 1087 2524; x_wconf 86' lang='lat' dir='ltr'>teterrimum</span> 
     </span>
    </p>

    <p class='ocr_par' dir='ltr' id='par_1_15' title="bbox 231 2552 1087 2904">
     <span class='ocr_line' id='line_1_25' title="bbox 231 2552 1087 2630; baseline 0.006 -21"><span class='ocrx_word' id='word_1_186' title='bbox 231 2617 234 2620; x_wconf 44' lang='grc'>,</span> <span class='ocrx_word' id='word_1_187' title='bbox 290 2562 347 2610; x_wconf 88' lang='lat' dir='ltr'>cst:</span> <span class='ocrx_word' id='word_1_188' title='bbox 359 2552 424 2610; x_wconf 90' lang='lat' dir='ltr'>iilud</span> <span class='ocrx_word' id='word_1_189' title='bbox 435 2569 500 2612; x_wconf 82' lang='lat' dir='ltr'>vero</span> <span class='ocrx_word' id='word_1_190' title='bbox 508 2554 631 2615; x_wconf 90' lang='lat' dir='ltr'>diabotus</span> <span class='ocrx_word' id='word_1_191' title='bbox 643 2571 728 2625; x_wconf 88' lang='lat' dir='ltr'>corat,</span> <span class='ocrx_word' id='word_1_192' title='bbox 738 2567 767 2613; x_wconf 93' lang='grc' dir='ltr'>ιιι</span> <span class='ocrx_word' id='word_1_193' title='bbox 776 2573 830 2614; x_wconf 94' lang='lat' dir='ltr'>uon</span> <span class='ocrx_word' id='word_1_194' title='bbox 841 2558 921 2613; x_wconf 91' lang='lat' dir='ltr'>modo</span> <span class='ocrx_word' id='word_1_195' title='bbox 932 2572 981 2614; x_wconf 89' lang='lat' dir='ltr'>nes</span> <span class='ocrx_word' id='word_1_196' title='bbox 989 2574 1087 2630; x_wconf 85' lang='lat' dir='ltr'>segnes</span> 
     </span>
     <span class='ocr_line' id='line_1_26' title="bbox 290 2643 1086 2717; baseline 0.009 -20"><span class='ocrx_word' id='word_1_197' title='bbox 290 2643 324 2698; x_wconf 90' lang='lat' dir='ltr'>ad</span> <span class='ocrx_word' id='word_1_198' title='bbox 339 2644 475 2712; x_wconf 78' lang='lat' dir='ltr'>uirtutem,</span> <span class='ocrx_word' id='word_1_199' title='bbox 498 2655 527 2702; x_wconf 91' lang='lat' dir='ltr'>et</span> <span class='ocrx_word' id='word_1_200' title='bbox 539 2661 639 2717; x_wconf 88' lang='lat' dir='ltr'>pronus</span> <span class='ocrx_word' id='word_1_201' title='bbox 652 2647 685 2702; x_wconf 90' lang='lat' dir='ltr'>ad</span> <span class='ocrx_word' id='word_1_202' title='bbox 703 2648 802 2703; x_wconf 89' lang='lat' dir='ltr'>maium</span> <span class='ocrx_word' id='word_1_203' title='bbox 824 2648 935 2716; x_wconf 89' lang='lat' dir='ltr'>reddat,</span> <span class='ocrx_word' id='word_1_204' title='bbox 956 2658 984 2704; x_wconf 87' lang='lat' dir='ltr'>et</span> <span class='ocrx_word' id='word_1_205' title='bbox 996 2648 1086 2704; x_wconf 91' lang='lat' dir='ltr'>omuia</span> 
     </span>
     <span class='ocr_line' id='line_1_27' title="bbox 292 2735 1086 2803; baseline 0.006 -12"><span class='ocrx_word' id='word_1_206' title='bbox 292 2735 640 2803; x_wconf 65' lang='lat' dir='ltr'>beouttribueresuadmtz</span> <span class='ocrx_word' id='word_1_207' title='bbox 653 2741 701 2796; x_wconf 90' lang='lat' dir='ltr'>sed</span> <span class='ocrx_word' id='word_1_208' title='bbox 711 2741 791 2795; x_wconf 86' lang='lat' dir='ltr'>etium</span> <span class='ocrx_word' id='word_1_209' title='bbox 801 2740 965 2797; x_wconf 82' lang='lat' dir='ltr'>detensitmis</span> <span class='ocrx_word' id='word_1_210' title='bbox 974 2741 1086 2796; x_wconf 76' lang='lat' dir='ltr'>obtentu</span> 
     </span>
     <span class='ocr_line' id='line_1_28' title="bbox 291 2829 1087 2904; baseline 0.009 -21"><span class='ocrx_word' id='word_1_211' title='bbox 291 2838 318 2883; x_wconf 89' lang='lat' dir='ltr'>et</span> <span class='ocrx_word' id='word_1_212' title='bbox 331 2829 446 2886; x_wconf 88' lang='lat' dir='ltr'>animam</span> <span class='ocrx_word' id='word_1_213' title='bbox 460 2840 488 2887; x_wconf 90' lang='lat' dir='ltr'>et</span> <span class='ocrx_word' id='word_1_214' title='bbox 509 2831 625 2904; x_wconf 89' lang='lat' dir='ltr'>linguam</span> <span class='ocrx_word' id='word_1_215' title='bbox 638 2840 757 2889; x_wconf 87' lang='lat' dir='ltr'>nostram</span> <span class='ocrx_word' id='word_1_216' title='bbox 770 2835 797 2888; x_wconf 93' lang='lat' dir='ltr'>in</span> <span class='ocrx_word' id='word_1_217' title='bbox 813 2833 1005 2904; x_wconf 78' lang='lat' dir='ltr'>blasphemiam</span> <span class='ocrx_word' id='word_1_218' title='bbox 1019 2851 1087 2890; x_wconf 90' lang='lat' dir='ltr'>eon-</span> 
     </span>
    </p>

    <p class='ocr_par' dir='ltr' id='par_1_16' title="bbox 273 2923 1088 3184">
     <span class='ocr_line' id='line_1_29' title="bbox 273 2923 1086 3000; baseline 0.009 -23"><span class='ocrx_word' id='word_1_219' title='bbox 273 2941 278 2956; x_wconf 88' lang='lat'>.</span> <span class='ocrx_word' id='word_1_220' title='bbox 292 2923 379 2994; x_wconf 81' lang='lat' dir='ltr'>jiriat,</span> <span class='ocrx_word' id='word_1_221' title='bbox 398 2934 468 2983; x_wconf 89' lang='lat' dir='ltr'>utet</span> <span class='ocrx_word' id='word_1_222' title='bbox 481 2927 564 2983; x_wconf 78' lang='grc' dir='ltr'>ὓιιιιιι</span> <span class='ocrx_word' id='word_1_223' title='bbox 578 2944 753 2997; x_wconf 74' lang='lat' dir='ltr'>accusemus,</span> <span class='ocrx_word' id='word_1_224' title='bbox 778 2938 806 2986; x_wconf 89' lang='lat' dir='ltr'>et</span> <span class='ocrx_word' id='word_1_225' title='bbox 828 2930 898 2985; x_wconf 87' lang='lat' dir='ltr'>male</span> <span class='ocrx_word' id='word_1_226' title='bbox 919 2938 1057 3000; x_wconf 86' lang='lat' dir='ltr'>gestorum</span> <span class='ocrx_word' id='word_1_227' title='bbox 1071 2946 1086 2984; x_wconf 86' lang='lat' dir='ltr'>a</span> 
     </span>
     <span class='ocr_line' id='line_1_30' title="bbox 294 3015 1087 3092; baseline 0.014 -27"><span class='ocrx_word' id='word_1_228' title='bbox 294 3015 472 3072; x_wconf 43' lang='lat' dir='ltr'>...bdellium</span> <span class='ocrx_word' id='word_1_229' title='bbox 484 3019 664 3089; x_wconf 77' lang='lat' dir='ltr'>deponamus,</span> <span class='ocrx_word' id='word_1_230' title='bbox 680 3024 716 3077; x_wconf 87' lang='lat' dir='ltr'>&#39;et</span> <span class='ocrx_word' id='word_1_231' title='bbox 729 3021 754 3076; x_wconf 93' lang='lat' dir='ltr'>iu</span> <span class='ocrx_word' id='word_1_232' title='bbox 770 3035 849 3089; x_wconf 88' lang='lat' dir='ltr'>eum,</span> <span class='ocrx_word' id='word_1_233' title='bbox 868 3021 917 3092; x_wconf 90' lang='lat' dir='ltr'>qui</span> <span class='ocrx_word' id='word_1_234' title='bbox 926 3032 1019 3078; x_wconf 92' lang='lat' dir='ltr'>auctor</span> <span class='ocrx_word' id='word_1_235' title='bbox 1033 3037 1087 3076; x_wconf 93' lang='lat' dir='ltr'>uon</span> 
     </span>
     <span class='ocr_line' id='line_1_31' title="bbox 293 3103 1088 3184; baseline 0.01 -23"><span class='ocrx_word' id='word_1_236' title='bbox 293 3103 348 3174; x_wconf 83' lang='lat' dir='ltr'>est,</span> <span class='ocrx_word' id='word_1_237' title='bbox 362 3107 468 3178; x_wconf 78' lang='lat' dir='ltr'>cuipam</span> <span class='ocrx_word' id='word_1_238' title='bbox 483 3109 663 3167; x_wconf 81' lang='lat' dir='ltr'>traduesmos.</span> <span class='ocrx_word' id='word_1_239' title='bbox 680 3113 760 3184; x_wconf 78' lang='lat' dir='ltr'>Atqui</span> <span class='ocrx_word' id='word_1_240' title='bbox 774 3114 797 3168; x_wconf 93' lang='lat' dir='ltr'>si</span> <span class='ocrx_word' id='word_1_241' title='bbox 810 3114 869 3184; x_wconf 88' lang='lat' dir='ltr'>quis</span> <span class='ocrx_word' id='word_1_242' title='bbox 881 3114 951 3183; x_wconf 89' lang='lat' dir='ltr'>apud</span> <span class='ocrx_word' id='word_1_243' title='bbox 965 3112 1088 3170; x_wconf 86' lang='lat' dir='ltr'>itotuiues</span> 
     </span>
    </p>

    <p class='ocr_par' dir='ltr' id='par_1_17' title="bbox 273 3196 1088 3366">
     <span class='ocr_line' id='line_1_32' title="bbox 273 3196 1087 3274; baseline 0.011 -24"><span class='ocrx_word' id='word_1_244' title='bbox 273 3196 392 3269; x_wconf 62' lang='lat' dir='ltr'>‘aiiqmd</span> <span class='ocrx_word' id='word_1_245' title='bbox 412 3199 466 3256; x_wconf 90' lang='lat' dir='ltr'>tale</span> <span class='ocrx_word' id='word_1_246' title='bbox 490 3201 690 3274; x_wconf 70' lang='lat' dir='ltr'>designaverit,</span> <span class='ocrx_word' id='word_1_247' title='bbox 714 3205 755 3260; x_wconf 86' lang='lat' dir='ltr'>uei</span> <span class='ocrx_word' id='word_1_248' title='bbox 778 3205 804 3261; x_wconf 85' lang='lat' dir='ltr'>tu</span> <span class='ocrx_word' id='word_1_249' title='bbox 821 3220 903 3260; x_wconf 89' lang='grc' dir='ltr'>ιιιιιιιιι</span> <span class='ocrx_word' id='word_1_250' title='bbox 922 3205 988 3260; x_wconf 88' lang='lat' dir='ltr'>satis</span> <span class='ocrx_word' id='word_1_251' title='bbox 1000 3204 1087 3260; x_wconf 88' lang='lat' dir='ltr'>estad</span> 
     </span>
     <span class='ocr_line' id='line_1_33' title="bbox 292 3289 1088 3366; baseline 0.01 -25"><span class='ocrx_word' id='word_1_252' title='bbox 292 3289 352 3358; x_wconf 79' lang='lat' dir='ltr'>ejus</span> <span class='ocrx_word' id='word_1_253' title='bbox 364 3291 561 3348; x_wconf 73' lang='lat' dir='ltr'>accusationem</span> <span class='ocrx_word' id='word_1_254' title='bbox 580 3301 660 3364; x_wconf 86' lang='lat' dir='ltr'>atque</span> <span class='ocrx_word' id='word_1_255' title='bbox 675 3294 830 3366; x_wconf 86' lang='lat' dir='ltr'>perniciem.</span> <span class='ocrx_word' id='word_1_256' title='bbox 855 3293 922 3350; x_wconf 85' lang='lat' dir='ltr'>Cum</span> <span class='ocrx_word' id='word_1_257' title='bbox 941 3295 1001 3365; x_wconf 89' lang='lat' dir='ltr'>quis</span> <span class='ocrx_word' id='word_1_258' title='bbox 1015 3293 1088 3350; x_wconf 89' lang='lat' dir='ltr'>enim</span> 
     </span>
    </p>

    <p class='ocr_par' dir='ltr' id='par_1_18' title="bbox 275 3380 1088 3457">
     <span class='ocr_line' id='line_1_34' title="bbox 275 3380 1088 3457; baseline 0.007 -23"><span class='ocrx_word' id='word_1_259' title='bbox 275 3416 279 3426; x_wconf 76' lang='grc'><em>.</em></span> <span class='ocrx_word' id='word_1_260' title='bbox 292 3380 406 3437; x_wconf 80' lang='lat' dir='ltr'>alterum</span> <span class='ocrx_word' id='word_1_261' title='bbox 419 3383 604 3451; x_wconf 83' lang='lat' dir='ltr'>calumniatur,</span> <span class='ocrx_word' id='word_1_262' title='bbox 617 3388 720 3442; x_wconf 86' lang='lat' dir='ltr'>etiamsi</span> <span class='ocrx_word' id='word_1_263' title='bbox 734 3387 799 3442; x_wconf 87' lang='lat' dir='ltr'>nibil</span> <span class='ocrx_word' id='word_1_264' title='bbox 814 3387 876 3442; x_wconf 87' lang='lat' dir='ltr'>ruali</span> <span class='ocrx_word' id='word_1_265' title='bbox 889 3387 1042 3457; x_wconf 77' lang='lat' dir='ltr'>patraverit,</span> <span class='ocrx_word' id='word_1_266' title='bbox 1060 3395 1088 3441; x_wconf 95' lang='grc' dir='ltr'>ιιι</span> 
     </span>
    </p>

    <p class='ocr_par' dir='ltr' id='par_1_19' title="bbox 275 3471 1086 3638">
     <span class='ocr_line' id='line_1_35' title="bbox 275 3471 1086 3548; baseline 0.005 -22"><span class='ocrx_word' id='word_1_267' title='bbox 275 3471 413 3529; x_wconf 85' lang='lat' dir='ltr'>¹criminis</span> <span class='ocrx_word' id='word_1_268' title='bbox 435 3475 474 3530; x_wconf 89' lang='lat' dir='ltr'>rei</span> <span class='ocrx_word' id='word_1_269' title='bbox 493 3477 624 3548; x_wconf 87' lang='lat' dir='ltr'>supplicio</span> <span class='ocrx_word' id='word_1_270' title='bbox 645 3478 780 3548; x_wconf 80' lang='lat' dir='ltr'>plectitur.</span> <span class='ocrx_word' id='word_1_271' title='bbox 811 3477 878 3532; x_wconf 81' lang='lat' dir='ltr'>Vide</span> <span class='ocrx_word' id='word_1_272' title='bbox 899 3478 1086 3547; x_wconf 87' lang='lat' dir='ltr'>igiturquanta</span> 
     </span>
     <span class='ocr_line' id='line_1_36' title="bbox 293 3564 1086 3638; baseline 0.006 -20"><span class='ocrx_word' id='word_1_273' title='bbox 293 3565 363 3619; x_wconf 82' lang='lat' dir='ltr'>mala</span> <span class='ocrx_word' id='word_1_274' title='bbox 376 3564 499 3622; x_wconf 90' lang='lat' dir='ltr'>diabolus</span> <span class='ocrx_word' id='word_1_275' title='bbox 518 3582 566 3638; x_wconf 88' lang='lat' dir='ltr'>per</span> <span class='ocrx_word' id='word_1_276' title='bbox 585 3568 667 3626; x_wconf 82' lang='lat' dir='ltr'>iatum</span> <span class='ocrx_word' id='word_1_277' title='bbox 689 3571 819 3626; x_wconf 89' lang='lat' dir='ltr'>inducat:</span> <span class='ocrx_word' id='word_1_278' title='bbox 839 3570 943 3625; x_wconf 81' lang='lat' dir='ltr'>virtutis</span> <span class='ocrx_word' id='word_1_279' title='bbox 963 3578 1086 3624; x_wconf 90' lang='lat' dir='ltr'>contem·</span> 
     </span>
    </p>

    <p class='ocr_par' dir='ltr' id='par_1_20' title="bbox 276 3657 1087 3824">
     <span class='ocr_line' id='line_1_37' title="bbox 276 3657 1087 3734; baseline 0.007 -24"><span class='ocrx_word' id='word_1_280' title='bbox 276 3688 280 3695; x_wconf 88' lang='lat'>·</span> <span class='ocrx_word' id='word_1_281' title='bbox 294 3663 389 3732; x_wconf 78' lang='lat' dir='ltr'>ptum;</span> <span class='ocrx_word' id='word_1_282' title='bbox 411 3657 528 3714; x_wconf 87' lang='lat' dir='ltr'>attitnnm</span> <span class='ocrx_word' id='word_1_283' title='bbox 549 3662 647 3733; x_wconf 88' lang='lat' dir='ltr'>quippe</span> <span class='ocrx_word' id='word_1_284' title='bbox 659 3659 781 3718; x_wconf 84' lang='lat' dir='ltr'>resoluit</span> <span class='ocrx_word' id='word_1_285' title='bbox 790 3662 960 3734; x_wconf 83' lang='lat' dir='ltr'>quantumvis</span> <span class='ocrx_word' id='word_1_286' title='bbox 974 3677 1087 3732; x_wconf 91' lang='lat' dir='ltr'>pronum</span> 
     </span>
     <span class='ocr_line' id='line_1_38' title="bbox 292 3744 1086 3824; baseline 0.011 -26"><span class='ocrx_word' id='word_1_287' title='bbox 292 3744 327 3799; x_wconf 91' lang='lat' dir='ltr'>ud</span> <span class='ocrx_word' id='word_1_288' title='bbox 348 3747 462 3804; x_wconf 79' lang='lat' dir='ltr'>auderes</span> <span class='ocrx_word' id='word_1_289' title='bbox 484 3764 534 3822; x_wconf 91' lang='lat' dir='ltr'>pro</span> <span class='ocrx_word' id='word_1_290' title='bbox 554 3752 599 3807; x_wconf 88' lang='lat' dir='ltr'>litu</span> <span class='ocrx_word' id='word_1_291' title='bbox 622 3753 825 3824; x_wconf 87' lang='lat' dir='ltr'>suscipiendos,</span> <span class='ocrx_word' id='word_1_292' title='bbox 850 3753 957 3823; x_wconf 89' lang='lat' dir='ltr'>qnamio</span> <span class='ocrx_word' id='word_1_293' title='bbox 981 3752 1086 3819; x_wconf 84' lang='lat' dir='ltr'>suadet,</span> 
     </span>
    </p>

    <p class='ocr_par' dir='ltr' id='par_1_21' title="bbox 277 3836 1086 3916">
     <span class='ocr_line' id='line_1_39' title="bbox 277 3836 1086 3916; baseline 0.01 -26"><span class='ocrx_word' id='word_1_294' title='bbox 277 3836 396 3893; x_wconf 90' lang='grc' dir='ltr'>-ιιιιΙΙιιιιι</span> <span class='ocrx_word' id='word_1_295' title='bbox 407 3840 480 3911; x_wconf 92' lang='lat' dir='ltr'>quod</span> <span class='ocrx_word' id='word_1_296' title='bbox 498 3842 526 3898; x_wconf 90' lang='lat' dir='ltr'>in</span> <span class='ocrx_word' id='word_1_297' title='bbox 545 3850 597 3900; x_wconf 68' lang='lat' dir='ltr'>ties·</span> <span class='ocrx_word' id='word_1_298' title='bbox 607 3843 707 3900; x_wconf 89' lang='lat' dir='ltr'>incidat</span> <span class='ocrx_word' id='word_1_299' title='bbox 718 3853 822 3916; x_wconf 89' lang='lat' dir='ltr'>gestum</span> <span class='ocrx_word' id='word_1_300' title='bbox 838 3859 886 3915; x_wconf 90' lang='lat' dir='ltr'>pro</span> <span class='ocrx_word' id='word_1_301' title='bbox 901 3845 965 3898; x_wconf 88' lang='lat' dir='ltr'>titio</span> <span class='ocrx_word' id='word_1_302' title='bbox 984 3843 1086 3899; x_wconf 86' lang='lat' dir='ltr'>itaben-</span> 
     </span>
    </p>
   </div>
   <div class='ocr_carea' id='block_1_3' title="bbox 203 4015 1024 4089">
    <p class='ocr_par' dir='ltr' id='par_1_22' title="bbox 203 4015 1024 4089">
     <span class='ocr_line' id='line_1_40' title="bbox 203 4015 1024 4089; baseline 0.009 -25"><span class='ocrx_word' id='word_1_303' title='bbox 203 4039 207 4046; x_wconf 89' lang='lat'><strong>·</strong></span> <span class='ocrx_word' id='word_1_304' title='bbox 325 4019 334 4054; x_wconf 79' lang='lat'>⁸</span> <span class='ocrx_word' id='word_1_305' title='bbox 350 4015 427 4076; x_wconf 79' lang='lat' dir='ltr'>colb..</span> <span class='ocrx_word' id='word_1_306' title='bbox 439 4019 483 4085; x_wconf 70' lang='lat' dir='ltr'>filo</span> <span class='ocrx_word' id='word_1_307' title='bbox 492 4020 556 4084; x_wconf 63' lang='lat' dir='ltr'>diu,</span> <span class='ocrx_word' id='word_1_308' title='bbox 567 4035 623 4086; x_wconf 74' lang='lat' dir='ltr'>que</span> <span class='ocrx_word' id='word_1_309' title='bbox 635 4024 710 4074; x_wconf 80' lang='grc' dir='ltr'>ιιίιιιιι</span> <span class='ocrx_word' id='word_1_310' title='bbox 720 4021 797 4074; x_wconf 90' lang='lat' dir='ltr'>lectio</span> <span class='ocrx_word' id='word_1_311' title='bbox 805 4024 926 4089; x_wconf 86' lang='lat' dir='ltr'>quadrare</span> <span class='ocrx_word' id='word_1_312' title='bbox 935 4029 1024 4087; x_wconf 79' lang='lat' dir='ltr'>potest.</span> 
     </span>
    </p>
   </div>
   <div class='ocr_carea' id='block_1_4' title="bbox 688 331 1596 392">
    <p class='ocr_par' dir='ltr' id='par_1_23' title="bbox 688 331 1596 392">
     <span class='ocr_line' id='line_1_41' title="bbox 688 331 1596 392; baseline -0.002 0"><span class='ocrx_word' id='word_1_313' title='bbox 688 334 717 392; x_wconf 85' lang='lat' dir='ltr'>S.</span> <span class='ocrx_word' id='word_1_314' title='bbox 737 335 877 392; x_wconf 68' lang='lat' dir='ltr'>tonnus</span> <span class='ocrx_word' id='word_1_315' title='bbox 894 331 1134 390; x_wconf 80' lang='lat' dir='ltr'>etttttsoStout</span> <span class='ocrx_word' id='word_1_316' title='bbox 1155 333 1313 391; x_wconf 77' lang='lat' dir='ltr'>suctttte.</span> <span class='ocrx_word' id='word_1_317' title='bbox 1329 332 1596 392; x_wconf 70' lang='lat' dir='ltr'>constituuntur.</span> 
     </span>
    </p>
   </div>
   <div class='ocr_carea' id='block_1_5' title="bbox 1885 341 1939 402">
    <p class='ocr_par' dir='ltr' id='par_1_24' title="bbox 1885 341 1939 402">
     <span class='ocr_line' id='line_1_42' title="bbox 1885 341 1939 402; baseline 0.074 -4"><span class='ocrx_word' id='word_1_318' title='bbox 1885 341 1939 402; x_wconf 78' lang='grc'>760</span> 
     </span>
    </p>
   </div>
   <div class='ocr_carea' id='block_1_6' title="bbox 1137 444 1946 3166">
    <p class='ocr_par' dir='ltr' id='par_1_25' title="bbox 1137 444 1946 3166">
     <span class='ocr_line' id='line_1_43' title="bbox 1139 444 1935 522; baseline 0.013 -22"><span class='ocrx_word' id='word_1_319' title='bbox 1139 445 1212 500; x_wconf 91' lang='lat' dir='ltr'>dum.</span> <span class='ocrx_word' id='word_1_320' title='bbox 1223 444 1288 502; x_wconf 87' lang='lat' dir='ltr'>Cum</span> <span class='ocrx_word' id='word_1_321' title='bbox 1297 447 1368 501; x_wconf 89' lang='lat' dir='ltr'>euim</span> <span class='ocrx_word' id='word_1_322' title='bbox 1382 445 1440 517; x_wconf 90' lang='lat' dir='ltr'>quis</span> <span class='ocrx_word' id='word_1_323' title='bbox 1453 446 1586 514; x_wconf 85' lang='lat' dir='ltr'>didicerit,</span> <span class='ocrx_word' id='word_1_324' title='bbox 1598 447 1745 516; x_wconf 86' lang='lat' dir='ltr'>moeeltom,</span> <span class='ocrx_word' id='word_1_325' title='bbox 1759 449 1935 522; x_wconf 81' lang='lat' dir='ltr'>homicidam,</span> 
     </span>
     <span class='ocr_line' id='line_1_44' title="bbox 1137 535 1937 609; baseline 0.008 -17"><span class='ocrx_word' id='word_1_326' title='bbox 1137 551 1275 592; x_wconf 86' lang='lat' dir='ltr'>murorum</span> <span class='ocrx_word' id='word_1_327' title='bbox 1289 535 1526 601; x_wconf 57' lang='lat' dir='ltr'>effossoretnsnou</span> <span class='ocrx_word' id='word_1_328' title='bbox 1548 551 1609 594; x_wconf 87' lang='lat' dir='ltr'>esse</span> <span class='ocrx_word' id='word_1_329' title='bbox 1629 538 1748 595; x_wconf 87' lang='lat' dir='ltr'>criminis</span> <span class='ocrx_word' id='word_1_330' title='bbox 1766 556 1861 609; x_wconf 85' lang='lat' dir='ltr'>reum,</span> <span class='ocrx_word' id='word_1_331' title='bbox 1881 559 1937 600; x_wconf 90' lang='lat' dir='ltr'>non</span> 
     </span>
     <span class='ocr_line' id='line_1_45' title="bbox 1137 627 1936 704; baseline 0.01 -22"><span class='ocrx_word' id='word_1_332' title='bbox 1137 627 1242 683; x_wconf 86' lang='lat' dir='ltr'>desinet</span> <span class='ocrx_word' id='word_1_333' title='bbox 1255 629 1331 698; x_wconf 90' lang='lat' dir='ltr'>quasi</span> <span class='ocrx_word' id='word_1_334' title='bbox 1347 627 1373 685; x_wconf 91' lang='lat' dir='ltr'>iu</span> <span class='ocrx_word' id='word_1_335' title='bbox 1398 628 1526 699; x_wconf 76' lang='lat' dir='ltr'>praecipiti</span> <span class='ocrx_word' id='word_1_336' title='bbox 1549 629 1612 684; x_wconf 75' lang='lat' dir='ltr'>loco&#39;</span> <span class='ocrx_word' id='word_1_337' title='bbox 1627 638 1723 698; x_wconf 88' lang='lat' dir='ltr'>sponte</span> <span class='ocrx_word' id='word_1_338' title='bbox 1744 647 1826 688; x_wconf 89' lang='lat' dir='ltr'>ruens</span> <span class='ocrx_word' id='word_1_339' title='bbox 1843 637 1936 704; x_wconf 89' lang='lat' dir='ltr'>prori-</span> 
     </span>
     <span class='ocr_line' id='line_1_46' title="bbox 1137 719 1938 795; baseline 0.01 -20"><span class='ocrx_word' id='word_1_340' title='bbox 1137 719 1235 775; x_wconf 80' lang='lat' dir='ltr'>deutie</span> <span class='ocrx_word' id='word_1_341' title='bbox 1254 719 1322 775; x_wconf 88' lang='lat' dir='ltr'>aiios</span> <span class='ocrx_word' id='word_1_342' title='bbox 1344 720 1552 776; x_wconf 84' lang='lat' dir='ltr'>calumniatores</span> <span class='ocrx_word' id='word_1_343' title='bbox 1563 719 1689 788; x_wconf 78' lang='lat' dir='ltr'>eiicere,</span> <span class='ocrx_word' id='word_1_344' title='bbox 1713 728 1740 776; x_wconf 89' lang='lat' dir='ltr'>et</span> <span class='ocrx_word' id='word_1_345' title='bbox 1762 721 1819 793; x_wconf 88' lang='lat' dir='ltr'>ipse</span> <span class='ocrx_word' id='word_1_346' title='bbox 1830 741 1938 795; x_wconf 87' lang='lat' dir='ltr'>quoquo</span> 
     </span>
     <span class='ocr_line' id='line_1_47' title="bbox 1137 809 1936 883; baseline 0.009 -19"><span class='ocrx_word' id='word_1_347' title='bbox 1137 809 1314 865; x_wconf 84' lang='lat' dir='ltr'>calumniator</span> <span class='ocrx_word' id='word_1_348' title='bbox 1323 809 1368 864; x_wconf 83' lang='lat' dir='ltr'>liei</span> <span class='ocrx_word' id='word_1_349' title='bbox 1384 824 1445 865; x_wconf 88' lang='lat' dir='ltr'>esse</span> <span class='ocrx_word' id='word_1_350' title='bbox 1463 825 1537 880; x_wconf 92' lang='lat' dir='ltr'>:quo</span> <span class='ocrx_word' id='word_1_351' title='bbox 1551 809 1626 882; x_wconf 89' lang='lat' dir='ltr'>quid,</span> <span class='ocrx_word' id='word_1_352' title='bbox 1641 827 1743 880; x_wconf 85' lang='lat' dir='ltr'>qttaeso,</span> <span class='ocrx_word' id='word_1_353' title='bbox 1757 814 1936 883; x_wconf 84' lang='lat' dir='ltr'>perniciosius</span> 
     </span>
     <span class='ocr_line' id='line_1_48' title="bbox 1137 899 1936 974; baseline 0.005 -16"><span class='ocrx_word' id='word_1_354' title='bbox 1137 905 1198 958; x_wconf 85' lang='lat' dir='ltr'>esse</span> <span class='ocrx_word' id='word_1_355' title='bbox 1212 901 1322 972; x_wconf 81' lang='lat' dir='ltr'>potest?</span> <span class='ocrx_word' id='word_1_356' title='bbox 1349 899 1492 974; x_wconf 82' lang='lat' dir='ltr'>Fugiatnus</span> <span class='ocrx_word' id='word_1_357' title='bbox 1507 901 1612 972; x_wconf 89' lang='lat' dir='ltr'>itaque,</span> <span class='ocrx_word' id='word_1_358' title='bbox 1625 901 1734 968; x_wconf 88' lang='lat' dir='ltr'>dilecti,</span> <span class='ocrx_word' id='word_1_359' title='bbox 1756 906 1836 961; x_wconf 89' lang='lat' dir='ltr'>talem</span> <span class='ocrx_word' id='word_1_360' title='bbox 1852 906 1936 963; x_wconf 85' lang='lat' dir='ltr'>idolo·</span> 
     </span>
     <span class='ocr_line' id='line_1_49' title="bbox 1138 992 1937 1068; baseline 0.005 -18"><span class='ocrx_word' id='word_1_361' title='bbox 1138 994 1258 1050; x_wconf 87' lang='lat' dir='ltr'>latriam:</span> <span class='ocrx_word' id='word_1_362' title='bbox 1272 1009 1335 1052; x_wconf 89' lang='lat' dir='ltr'>rere</span> <span class='ocrx_word' id='word_1_363' title='bbox 1346 1009 1419 1050; x_wconf 87' lang='lat' dir='ltr'>mors</span> <span class='ocrx_word' id='word_1_364' title='bbox 1430 1003 1470 1049; x_wconf 91' lang='lat' dir='ltr'>est</span> <span class='ocrx_word' id='word_1_365' title='bbox 1482 995 1508 1049; x_wconf 92' lang='lat' dir='ltr'>iu</span> <span class='ocrx_word' id='word_1_366' title='bbox 1517 993 1569 1048; x_wconf 88' lang='lat' dir='ltr'>olla</span> <span class='ocrx_word' id='word_1_367' title='bbox 1580 993 1616 1065; x_wconf 69' lang='lat' dir='ltr'>(l</span> <span class='ocrx_word' id='word_1_368' title='bbox 1630 994 1694 1066; x_wconf 81' lang='lat' dir='ltr'>ileg.</span> <span class='ocrx_word' id='word_1_369' title='bbox 1703 995 1731 1051; x_wconf 88' lang='lat' dir='ltr'>l.</span> <span class='ocrx_word' id='word_1_370' title='bbox 1743 992 1802 1068; x_wconf 86' lang='lat' dir='ltr'>to),</span> <span class='ocrx_word' id='word_1_371' title='bbox 1814 1013 1937 1054; x_wconf 87' lang='lat' dir='ltr'>omnent-</span> 
     </span>
     <span class='ocr_line' id='line_1_50' title="bbox 1140 1086 1935 1158; baseline 0.003 -16"><span class='ocrx_word' id='word_1_372' title='bbox 1140 1101 1193 1158; x_wconf 88' lang='lat' dir='ltr'>que</span> <span class='ocrx_word' id='word_1_373' title='bbox 1214 1087 1259 1158; x_wconf 92' lang='lat' dir='ltr'>qui</span> <span class='ocrx_word' id='word_1_374' title='bbox 1288 1086 1349 1142; x_wconf 88' lang='lat' dir='ltr'>inde</span> <span class='ocrx_word' id='word_1_375' title='bbox 1372 1086 1491 1142; x_wconf 86' lang='lat' dir='ltr'>hauserit</span> <span class='ocrx_word' id='word_1_376' title='bbox 1514 1087 1556 1142; x_wconf 87' lang='lat' dir='ltr'>rei</span> <span class='ocrx_word' id='word_1_377' title='bbox 1583 1087 1714 1142; x_wconf 87' lang='lat' dir='ltr'>tautiitum</span> <span class='ocrx_word' id='word_1_378' title='bbox 1739 1097 1935 1158; x_wconf 69' lang='lat' dir='ltr'>perversorum</span> 
     </span>
     <span class='ocr_line' id='line_1_51' title="bbox 1137 1177 1937 1250; baseline 0.009 -19"><span class='ocrx_word' id='word_1_379' title='bbox 1137 1177 1301 1249; x_wconf 83' lang='lat' dir='ltr'>dogmatum,</span> <span class='ocrx_word' id='word_1_380' title='bbox 1319 1193 1428 1250; x_wconf 89' lang='lat' dir='ltr'>prorsus</span> <span class='ocrx_word' id='word_1_381' title='bbox 1444 1179 1511 1233; x_wconf 91' lang='lat' dir='ltr'>umri</span> <span class='ocrx_word' id='word_1_382' title='bbox 1525 1193 1635 1234; x_wconf 82' lang='lat' dir='ltr'>neeesse</span> <span class='ocrx_word' id='word_1_383' title='bbox 1647 1187 1699 1246; x_wconf 89' lang='lat' dir='ltr'>est,</span> <span class='ocrx_word' id='word_1_384' title='bbox 1713 1180 1765 1236; x_wconf 89' lang='lat' dir='ltr'>nisi</span> <span class='ocrx_word' id='word_1_385' title='bbox 1780 1180 1892 1246; x_wconf 88' lang='lat' dir='ltr'>resiliat,</span> <span class='ocrx_word' id='word_1_386' title='bbox 1908 1193 1937 1238; x_wconf 89' lang='lat' dir='ltr'>et</span> 
     </span>
     <span class='ocr_line' id='line_1_52' title="bbox 1138 1269 1935 1341; baseline 0.003 -17"><span class='ocrx_word' id='word_1_387' title='bbox 1138 1272 1252 1325; x_wconf 85' lang='lat' dir='ltr'>sanitate</span> <span class='ocrx_word' id='word_1_388' title='bbox 1276 1285 1339 1340; x_wconf 76' lang='lat' dir='ltr'>ptura</span> <span class='ocrx_word' id='word_1_389' title='bbox 1354 1269 1466 1325; x_wconf 85' lang='lat' dir='ltr'>truatur.</span> <span class='ocrx_word' id='word_1_390' title='bbox 1492 1269 1531 1324; x_wconf 86' lang='lat' dir='ltr'>Ne</span> <span class='ocrx_word' id='word_1_391' title='bbox 1552 1270 1630 1340; x_wconf 87' lang='lat' dir='ltr'>igitur</span> <span class='ocrx_word' id='word_1_392' title='bbox 1651 1279 1743 1341; x_wconf 89' lang='lat' dir='ltr'>postca</span> <span class='ocrx_word' id='word_1_393' title='bbox 1768 1269 1935 1326; x_wconf 79' lang='lat' dir='ltr'>infructuose</span> 
     </span>
     <span class='ocr_line' id='line_1_53' title="bbox 1138 1359 1938 1432; baseline 0.004 -17"><span class='ocrx_word' id='word_1_394' title='bbox 1138 1362 1293 1431; x_wconf 80' lang='lat' dir='ltr'>ploremus,</span> <span class='ocrx_word' id='word_1_395' title='bbox 1316 1377 1377 1415; x_wconf 89' lang='lat' dir='ltr'>cum</span> <span class='ocrx_word' id='word_1_396' title='bbox 1394 1363 1470 1415; x_wconf 78' lang='lat' dir='ltr'>nous</span> <span class='ocrx_word' id='word_1_397' title='bbox 1493 1369 1620 1415; x_wconf 87' lang='lat' dir='ltr'>statutum</span> <span class='ocrx_word' id='word_1_398' title='bbox 1642 1359 1807 1431; x_wconf 68' lang='lat' dir='ltr'>peanitentiae</span> <span class='ocrx_word' id='word_1_399' title='bbox 1831 1371 1938 1432; x_wconf 85' lang='lat' dir='ltr'>tempus</span> 
     </span>
     <span class='ocr_line' id='line_1_54' title="bbox 1139 1453 1940 1524; baseline 0.004 -16"><span class='ocrx_word' id='word_1_400' title='bbox 1139 1463 1200 1524; x_wconf 90' lang='lat' dir='ltr'>post</span> <span class='ocrx_word' id='word_1_401' title='bbox 1214 1453 1354 1510; x_wconf 77' lang='lat' dir='ltr'>decessum</span> <span class='ocrx_word' id='word_1_402' title='bbox 1375 1455 1514 1524; x_wconf 75' lang='lat' dir='ltr'>percisum</span> <span class='ocrx_word' id='word_1_403' title='bbox 1536 1454 1637 1522; x_wconf 74' lang='lat' dir='ltr'>interit,</span> <span class='ocrx_word' id='word_1_404' title='bbox 1658 1453 1744 1510; x_wconf 89' lang='lat' dir='ltr'>donee</span> <span class='ocrx_word' id='word_1_405' title='bbox 1772 1455 1799 1510; x_wconf 92' lang='lat' dir='ltr'>in</span> <span class='ocrx_word' id='word_1_406' title='bbox 1825 1455 1940 1514; x_wconf 79' lang='lat' dir='ltr'>arbitrio</span> 
     </span>
     <span class='ocr_line' id='line_1_55' title="bbox 1138 1537 1937 1616; baseline -0.001 -17"><span class='ocrx_word' id='word_1_407' title='bbox 1138 1554 1232 1600; x_wconf 91' lang='lat' dir='ltr'>nostro</span> <span class='ocrx_word' id='word_1_408' title='bbox 1241 1547 1321 1599; x_wconf 88' lang='lat' dir='ltr'>situm</span> <span class='ocrx_word' id='word_1_409' title='bbox 1335 1555 1385 1608; x_wconf 85' lang='lat' dir='ltr'>est,</span> <span class='ocrx_word' id='word_1_410' title='bbox 1397 1537 1525 1615; x_wconf 76' lang='lat' dir='ltr'>quotquot</span> <span class='ocrx_word' id='word_1_411' title='bbox 1540 1547 1590 1599; x_wconf 85' lang='lat' dir='ltr'>ttoe</span> <span class='ocrx_word' id='word_1_412' title='bbox 1597 1544 1713 1616; x_wconf 82' lang='lat' dir='ltr'>correpti</span> <span class='ocrx_word' id='word_1_413' title='bbox 1724 1559 1817 1600; x_wconf 91' lang='lat' dir='ltr'>sumus</span> <span class='ocrx_word' id='word_1_414' title='bbox 1829 1544 1937 1610; x_wconf 87' lang='lat' dir='ltr'>morbo,</span> 
     </span>
     <span class='ocr_line' id='line_1_56' title="bbox 1140 1637 1940 1708; baseline 0.003 -16"><span class='ocrx_word' id='word_1_415' title='bbox 1140 1638 1324 1706; x_wconf 87' lang='lat' dir='ltr'>poenitenttam</span> <span class='ocrx_word' id='word_1_416' title='bbox 1338 1651 1448 1707; x_wconf 82' lang='lat' dir='ltr'>agamus</span> <span class='ocrx_word' id='word_1_417' title='bbox 1461 1647 1490 1691; x_wconf 87' lang='lat' dir='ltr'>et</span> <span class='ocrx_word' id='word_1_418' title='bbox 1502 1637 1691 1706; x_wconf 83' lang='lat' dir='ltr'>resipiscamus</span> <span class='ocrx_word' id='word_1_419' title='bbox 1705 1649 1714 1691; x_wconf 77' lang='lat' dir='ltr'>t</span> <span class='ocrx_word' id='word_1_420' title='bbox 1730 1646 1861 1708; x_wconf 88' lang='lat' dir='ltr'>quotquot</span> <span class='ocrx_word' id='word_1_421' title='bbox 1871 1653 1940 1694; x_wconf 84' lang='lat' dir='ltr'>uero</span> 
     </span>
     <span class='ocr_line' id='line_1_57' title="bbox 1138 1727 1938 1793; baseline -0.001 -9"><span class='ocrx_word' id='word_1_422' title='bbox 1138 1729 1195 1784; x_wconf 90' lang='lat' dir='ltr'>sani</span> <span class='ocrx_word' id='word_1_423' title='bbox 1208 1744 1311 1793; x_wconf 85' lang='lat' dir='ltr'>sumus,</span> <span class='ocrx_word' id='word_1_424' title='bbox 1320 1738 1347 1783; x_wconf 89' lang='lat' dir='ltr'>et</span> <span class='ocrx_word' id='word_1_425' title='bbox 1362 1727 1570 1782; x_wconf 85' lang='lat' dir='ltr'>irtculumitatetu</span> <span class='ocrx_word' id='word_1_426' title='bbox 1582 1741 1732 1792; x_wconf 83' lang='lat' dir='ltr'>servemus,</span> <span class='ocrx_word' id='word_1_427' title='bbox 1742 1738 1770 1783; x_wconf 95' lang='lat' dir='ltr'>et</span> <span class='ocrx_word' id='word_1_428' title='bbox 1779 1727 1830 1784; x_wconf 90' lang='lat' dir='ltr'>boc</span> <span class='ocrx_word' id='word_1_429' title='bbox 1840 1729 1938 1784; x_wconf 82' lang='lat' dir='ltr'>inorbo</span> 
     </span>
     <span class='ocr_line' id='line_1_58' title="bbox 1138 1817 1938 1891; baseline -0.004 -15"><span class='ocrx_word' id='word_1_430' title='bbox 1138 1821 1268 1891; x_wconf 79' lang='lat' dir='ltr'>conseptis</span> <span class='ocrx_word' id='word_1_431' title='bbox 1288 1823 1404 1874; x_wconf 84' lang='grc' dir='ltr'>ιιιιιιιιιιιι</span> <span class='ocrx_word' id='word_1_432' title='bbox 1416 1819 1592 1890; x_wconf 77' lang='lat' dir='ltr'>porrigamus.</span> <span class='ocrx_word' id='word_1_433' title='bbox 1613 1817 1679 1873; x_wconf 87' lang='lat' dir='ltr'>Nam</span> <span class='ocrx_word' id='word_1_434' title='bbox 1693 1819 1716 1873; x_wconf 88' lang='lat' dir='ltr'>si</span> <span class='ocrx_word' id='word_1_435' title='bbox 1729 1833 1843 1890; x_wconf 84' lang='lat' dir='ltr'>corpore</span> <span class='ocrx_word' id='word_1_436' title='bbox 1856 1819 1938 1890; x_wconf 81' lang='lat' dir='ltr'>mgris</span> 
     </span>
     <span class='ocr_line' id='line_1_59' title="bbox 1138 1907 1935 1980; baseline -0.004 -13"><span class='ocrx_word' id='word_1_437' title='bbox 1138 1911 1316 1967; x_wconf 84' lang='lat' dir='ltr'>itocstudiuut</span> <span class='ocrx_word' id='word_1_438' title='bbox 1340 1911 1462 1980; x_wconf 75' lang='lat' dir='ltr'>transque</span> <span class='ocrx_word' id='word_1_439' title='bbox 1481 1923 1573 1963; x_wconf 86' lang='lat' dir='ltr'>curam</span> <span class='ocrx_word' id='word_1_440' title='bbox 1597 1907 1772 1975; x_wconf 86' lang='lat' dir='ltr'>aditibemos,</span> <span class='ocrx_word' id='word_1_441' title='bbox 1795 1910 1877 1965; x_wconf 86' lang='lat' dir='ltr'>auinti</span> <span class='ocrx_word' id='word_1_442' title='bbox 1892 1911 1935 1964; x_wconf 91' lang='lat' dir='ltr'>in-</span> 
     </span>
     <span class='ocr_line' id='line_1_60' title="bbox 1138 1999 1938 2074; baseline -0.003 -16"><span class='ocrx_word' id='word_1_443' title='bbox 1138 2013 1251 2074; x_wconf 87' lang='lat' dir='ltr'>gruente</span> <span class='ocrx_word' id='word_1_444' title='bbox 1264 2001 1378 2068; x_wconf 89' lang='lat' dir='ltr'>morbo,</span> <span class='ocrx_word' id='word_1_445' title='bbox 1398 1999 1461 2072; x_wconf 91' lang='lat' dir='ltr'>qnid</span> <span class='ocrx_word' id='word_1_446' title='bbox 1480 2016 1532 2056; x_wconf 90' lang='lat' dir='ltr'>nou</span> <span class='ocrx_word' id='word_1_447' title='bbox 1552 2001 1659 2056; x_wconf 92' lang='lat' dir='ltr'>anobis</span> <span class='ocrx_word' id='word_1_448' title='bbox 1679 2001 1858 2071; x_wconf 73' lang='lat' dir='ltr'>prestandum</span> <span class='ocrx_word' id='word_1_449' title='bbox 1876 2003 1938 2057; x_wconf 81' lang='lat' dir='ltr'>cst?</span> 
     </span>
     <span class='ocr_line' id='line_1_61' title="bbox 1139 2091 1943 2166; baseline -0.002 -16"><span class='ocrx_word' id='word_1_450' title='bbox 1139 2096 1201 2166; x_wconf 90' lang='lat' dir='ltr'>quid</span> <span class='ocrx_word' id='word_1_451' title='bbox 1217 2101 1269 2150; x_wconf 87' lang='lat' dir='ltr'>iton</span> <span class='ocrx_word' id='word_1_452' title='bbox 1293 2094 1503 2160; x_wconf 88' lang='lat' dir='ltr'>sustinebimus,</span> <span class='ocrx_word' id='word_1_453' title='bbox 1532 2103 1559 2147; x_wconf 93' lang='lat' dir='ltr'>ut</span> <span class='ocrx_word' id='word_1_454' title='bbox 1575 2091 1703 2161; x_wconf 79' lang='lat' dir='ltr'>fratrem,</span> <span class='ocrx_word' id='word_1_455' title='bbox 1724 2093 1757 2148; x_wconf 91' lang='lat' dir='ltr'>ad</span> <span class='ocrx_word' id='word_1_456' title='bbox 1780 2096 1943 2151; x_wconf 82' lang='lat' dir='ltr'>societatem</span> 
     </span>
     <span class='ocr_line' id='line_1_62' title="bbox 1140 2184 1935 2258; baseline -0.005 -17"><span class='ocrx_word' id='word_1_457' title='bbox 1140 2187 1320 2242; x_wconf 89' lang='lat' dir='ltr'>membrorum</span> <span class='ocrx_word' id='word_1_458' title='bbox 1336 2185 1458 2240; x_wconf 74' lang='lat' dir='ltr'>cassidem</span> <span class='ocrx_word' id='word_1_459' title='bbox 1472 2193 1625 2254; x_wconf 88' lang='lat' dir='ltr'>cooptatum</span> <span class='ocrx_word' id='word_1_460' title='bbox 1638 2225 1646 2248; x_wconf 89' lang='lat'>,</span> <span class='ocrx_word' id='word_1_461' title='bbox 1669 2197 1878 2258; x_wconf 87' lang='lat' dir='ltr'>recuperemus,</span> <span class='ocrx_word' id='word_1_462' title='bbox 1890 2184 1935 2256; x_wconf 85' lang='lat' dir='ltr'>qui</span> 
     </span>
     <span class='ocr_line' id='line_1_63' title="bbox 1138 2274 1944 2349; baseline -0.001 -16"><span class='ocrx_word' id='word_1_463' title='bbox 1138 2278 1172 2333; x_wconf 86' lang='lat' dir='ltr'>ml</span> <span class='ocrx_word' id='word_1_464' title='bbox 1181 2277 1374 2349; x_wconf 89' lang='lat' dir='ltr'>plenitudinem</span> <span class='ocrx_word' id='word_1_465' title='bbox 1383 2274 1684 2348; x_wconf 87' lang='lat' dir='ltr'>corporisecclesiastici</span> <span class='ocrx_word' id='word_1_466' title='bbox 1696 2275 1829 2347; x_wconf 76' lang='lat' dir='ltr'>pertineri</span> <span class='ocrx_word' id='word_1_467' title='bbox 1840 2277 1944 2332; x_wconf 81' lang='lat' dir='ltr'>tiumia</span> 
     </span>
     <span class='ocr_line' id='line_1_64' title="bbox 1140 2365 1938 2440; baseline -0.001 -16"><span class='ocrx_word' id='word_1_468' title='bbox 1140 2369 1219 2440; x_wconf 66' lang='lat' dir='ltr'>igitur</span> <span class='ocrx_word' id='word_1_469' title='bbox 1228 2368 1307 2439; x_wconf 76' lang='lat' dir='ltr'>hirjats</span> <span class='ocrx_word' id='word_1_470' title='bbox 1315 2383 1393 2422; x_wconf 86' lang='lat' dir='ltr'>eausa</span> <span class='ocrx_word' id='word_1_471' title='bbox 1402 2367 1591 2438; x_wconf 86' lang='lat' dir='ltr'>suscipiamus,</span> <span class='ocrx_word' id='word_1_472' title='bbox 1604 2367 1692 2422; x_wconf 91' lang='lat' dir='ltr'>omnia</span> <span class='ocrx_word' id='word_1_473' title='bbox 1702 2365 1844 2432; x_wconf 85' lang='lat' dir='ltr'>iaciamus,</span> <span class='ocrx_word' id='word_1_474' title='bbox 1856 2383 1938 2424; x_wconf 84' lang='lat' dir='ltr'>canes</span> 
     </span>
     <span class='ocr_line' id='line_1_65' title="bbox 1138 2457 1946 2529; baseline 0 -17"><span class='ocrx_word' id='word_1_475' title='bbox 1138 2473 1170 2514; x_wconf 88' lang='lat' dir='ltr'>ac</span> <span class='ocrx_word' id='word_1_476' title='bbox 1184 2459 1259 2529; x_wconf 90' lang='lat' dir='ltr'>lupus</span> <span class='ocrx_word' id='word_1_477' title='bbox 1272 2459 1425 2528; x_wconf 90' lang='lat' dir='ltr'>abigentes:</span> <span class='ocrx_word' id='word_1_478' title='bbox 1437 2472 1524 2528; x_wconf 90' lang='lat' dir='ltr'>neque</span> <span class='ocrx_word' id='word_1_479' title='bbox 1538 2466 1654 2512; x_wconf 88' lang='lat' dir='ltr'>nostram</span> <span class='ocrx_word' id='word_1_480' title='bbox 1663 2457 1775 2513; x_wconf 90' lang='lat' dir='ltr'>satutem</span> <span class='ocrx_word' id='word_1_481' title='bbox 1783 2459 1849 2512; x_wconf 90' lang='lat' dir='ltr'>satis</span> <span class='ocrx_word' id='word_1_482' title='bbox 1859 2458 1946 2512; x_wconf 83' lang='lat' dir='ltr'>nobis-</span> 
     </span>
     <span class='ocr_line' id='line_1_66' title="bbox 1139 2547 1938 2618; baseline -0.005 -12"><span class='ocrx_word' id='word_1_483' title='bbox 1139 2547 1938 2618; x_wconf 73' lang='lat' dir='ltr'>essoputeruus.QuemadmodumeuimdictomestSiuide·</span> 
     </span>
     <span class='ocr_line' id='line_1_67' title="bbox 1139 2629 1944 2710; baseline -0.002 -16"><span class='ocrx_word' id='word_1_484' title='bbox 1139 2629 1288 2709; x_wconf 65' lang='lat' dir='ltr'>latiarem,</span> <span class='ocrx_word' id='word_1_485' title='bbox 1303 2639 1419 2694; x_wconf 83' lang='lat' dir='ltr'>currebas</span> <span class='ocrx_word' id='word_1_486' title='bbox 1432 2655 1488 2692; x_wconf 87' lang='lat' dir='ltr'>cum</span> <span class='ocrx_word' id='word_1_487' title='bbox 1499 2654 1538 2704; x_wconf 84' lang='lat' dir='ltr'>eo,</span> <span class='ocrx_word' id='word_1_488' title='bbox 1554 2649 1577 2693; x_wconf 85' lang='grc' dir='ltr'>ιι</span> <span class='ocrx_word' id='word_1_489' title='bbox 1590 2655 1648 2692; x_wconf 77' lang='lat' dir='ltr'>eum</span> <span class='ocrx_word' id='word_1_490' title='bbox 1659 2636 1784 2692; x_wconf 84' lang='lat' dir='ltr'>adulteris</span> <span class='ocrx_word' id='word_1_491' title='bbox 1795 2639 1944 2710; x_wconf 74' lang='lat' dir='ltr'>portionem</span> 
     </span>
     <span class='ocr_line' id='line_1_68' title="bbox 1140 2727 1940 2800; baseline -0.004 -15"><span class='ocrx_word' id='word_1_492' title='bbox 1140 2741 1210 2786; x_wconf 86' lang='lat' dir='ltr'>tuout</span> <span class='ocrx_word' id='word_1_493' title='bbox 1219 2730 1328 2800; x_wconf 80' lang='lat' dir='ltr'>petreius</span> <span class='ocrx_word' id='word_1_494' title='bbox 1338 2728 1397 2798; x_wconf 83' lang='lat' dir='ltr'>(Pa.</span> <span class='ocrx_word' id='word_1_495' title='bbox 1408 2729 1451 2784; x_wconf 76' lang='lat' dir='ltr'>ld.</span> <span class='ocrx_word' id='word_1_496' title='bbox 1466 2727 1525 2799; x_wconf 87' lang='lat' dir='ltr'>l8):</span> <span class='ocrx_word' id='word_1_497' title='bbox 1537 2729 1571 2782; x_wconf 88' lang='lat' dir='ltr'>tta</span> <span class='ocrx_word' id='word_1_498' title='bbox 1580 2737 1608 2783; x_wconf 89' lang='lat' dir='ltr'>et</span> <span class='ocrx_word' id='word_1_499' title='bbox 1618 2727 1771 2799; x_wconf 86' lang='lat' dir='ltr'>lalcquoqtte</span> <span class='ocrx_word' id='word_1_500' title='bbox 1783 2727 1940 2793; x_wconf 80' lang='lat' dir='ltr'>audiamos;</span> 
     </span>
     <span class='ocr_line' id='line_1_69' title="bbox 1139 2817 1938 2894; baseline -0.005 -18"><span class='ocrx_word' id='word_1_501' title='bbox 1139 2836 1199 2876; x_wconf 91' lang='lat' dir='ltr'>cum</span> <span class='ocrx_word' id='word_1_502' title='bbox 1209 2819 1353 2876; x_wconf 81' lang='lat' dir='ltr'>uiderimus</span> <span class='ocrx_word' id='word_1_503' title='bbox 1362 2819 1477 2890; x_wconf 88' lang='lat' dir='ltr'>aliquem</span> <span class='ocrx_word' id='word_1_504' title='bbox 1488 2833 1520 2872; x_wconf 86' lang='lat' dir='ltr'>ex</span> <span class='ocrx_word' id='word_1_505' title='bbox 1531 2817 1938 2894; x_wconf 82' lang='lat' dir='ltr'>tratribusuostrissuiiuranteot</span> 
     </span>
     <span class='ocr_line' id='line_1_70' title="bbox 1140 2907 1936 2972; baseline -0.004 -8"><span class='ocrx_word' id='word_1_506' title='bbox 1140 2911 1229 2966; x_wconf 84' lang='lat' dir='ltr'>mritis</span> <span class='ocrx_word' id='word_1_507' title='bbox 1243 2923 1271 2966; x_wconf 85' lang='lat' dir='ltr'>et</span> <span class='ocrx_word' id='word_1_508' title='bbox 1283 2910 1419 2972; x_wconf 87' lang='lat' dir='ltr'>susurris,</span> <span class='ocrx_word' id='word_1_509' title='bbox 1435 2909 1484 2962; x_wconf 88' lang='lat' dir='ltr'>ista</span> <span class='ocrx_word' id='word_1_510' title='bbox 1498 2908 1646 2964; x_wconf 84' lang='lat' dir='ltr'>audiamus.</span> <span class='ocrx_word' id='word_1_511' title='bbox 1664 2908 1763 2963; x_wconf 85' lang='lat' dir='ltr'>bornus</span> <span class='ocrx_word' id='word_1_512' title='bbox 1776 2907 1879 2962; x_wconf 80' lang='lat' dir='ltr'>tietuini</span> <span class='ocrx_word' id='word_1_513' title='bbox 1894 2918 1936 2964; x_wconf 91' lang='lat' dir='ltr'>est</span> 
     </span>
     <span class='ocr_line' id='line_1_71' title="bbox 1141 2995 1939 3071; baseline -0.006 -13"><span class='ocrx_word' id='word_1_514' title='bbox 1141 3003 1270 3071; x_wconf 80' lang='lat' dir='ltr'>Ecclesia,</span> <span class='ocrx_word' id='word_1_515' title='bbox 1285 3018 1348 3057; x_wconf 89' lang='lat' dir='ltr'>rasa</span> <span class='ocrx_word' id='word_1_516' title='bbox 1364 3001 1478 3071; x_wconf 91' lang='lat' dir='ltr'>pretiosa</span> <span class='ocrx_word' id='word_1_517' title='bbox 1489 3010 1552 3054; x_wconf 89' lang='lat' dir='ltr'>suut</span> <span class='ocrx_word' id='word_1_518' title='bbox 1566 2998 1667 3054; x_wconf 87' lang='lat' dir='ltr'>tideies.</span> <span class='ocrx_word' id='word_1_519' title='bbox 1680 2995 1747 3054; x_wconf 88' lang='lat' dir='ltr'>Com</span> <span class='ocrx_word' id='word_1_520' title='bbox 1760 3013 1825 3069; x_wconf 90' lang='lat' dir='ltr'>ergo</span> <span class='ocrx_word' id='word_1_521' title='bbox 1838 2997 1939 3053; x_wconf 83' lang='lat' dir='ltr'>rideris</span> 
     </span>
     <span class='ocr_line' id='line_1_72' title="bbox 1141 3090 1936 3166; baseline -0.009 -15"><span class='ocrx_word' id='word_1_522' title='bbox 1141 3106 1279 3152; x_wconf 83' lang='lat' dir='ltr'>externum</span> <span class='ocrx_word' id='word_1_523' title='bbox 1294 3095 1410 3166; x_wconf 91' lang='lat' dir='ltr'>aliquem</span> <span class='ocrx_word' id='word_1_524' title='bbox 1423 3108 1455 3148; x_wconf 87' lang='lat' dir='ltr'>et</span> <span class='ocrx_word' id='word_1_525' title='bbox 1470 3093 1541 3146; x_wconf 85' lang='lat' dir='ltr'>rasis</span> <span class='ocrx_word' id='word_1_526' title='bbox 1552 3090 1687 3162; x_wconf 87' lang='lat' dir='ltr'>quidpiam</span> <span class='ocrx_word' id='word_1_527' title='bbox 1701 3091 1818 3162; x_wconf 89' lang='lat' dir='ltr'>diripere</span> <span class='ocrx_word' id='word_1_528' title='bbox 1834 3106 1936 3147; x_wconf 88' lang='lat' dir='ltr'>conau-</span> 
     </span>
    </p>
   </div>
   <div class='ocr_carea' id='block_1_7' title="bbox 1141 3180 2054 3253">
    <p class='ocr_par' dir='ltr' id='par_1_26' title="bbox 1141 3180 2054 3253">
     <span class='ocr_line' id='line_1_73' title="bbox 1141 3180 2054 3253; baseline -0.008 -12"><span class='ocrx_word' id='word_1_529' title='bbox 1141 3195 1194 3242; x_wconf 88' lang='lat' dir='ltr'>tem</span> <span class='ocrx_word' id='word_1_530' title='bbox 1207 3228 1215 3253; x_wconf 95' lang='lat'><strong>‚</strong></span> <span class='ocrx_word' id='word_1_531' title='bbox 1230 3186 1335 3241; x_wconf 86' lang='lat' dir='ltr'>etiamsi</span> <span class='ocrx_word' id='word_1_532' title='bbox 1350 3192 1377 3240; x_wconf 94' lang='grc' dir='ltr'>ιιι</span> <span class='ocrx_word' id='word_1_533' title='bbox 1391 3199 1444 3240; x_wconf 94' lang='lat' dir='ltr'>non</span> <span class='ocrx_word' id='word_1_534' title='bbox 1467 3183 1518 3238; x_wconf 85' lang='lat' dir='ltr'>itoc</span> <span class='ocrx_word' id='word_1_535' title='bbox 1531 3183 1594 3237; x_wconf 84' lang='lat' dir='ltr'>titio</span> <span class='ocrx_word' id='word_1_536' title='bbox 1607 3191 1701 3253; x_wconf 88' lang='lat' dir='ltr'>captus</span> <span class='ocrx_word' id='word_1_537' title='bbox 1713 3182 1771 3250; x_wconf 91' lang='lat' dir='ltr'>sis,</span> <span class='ocrx_word' id='word_1_538' title='bbox 1785 3190 1878 3252; x_wconf 91' lang='lat' dir='ltr'>utpote</span> <span class='ocrx_word' id='word_1_539' title='bbox 1892 3180 1938 3252; x_wconf 93' lang='lat' dir='ltr'>qui</span> <span class='ocrx_word' id='word_1_540' title='bbox 2053 3209 2054 3218; x_wconf 35' lang='grc' dir='ltr'>ι</span> 
     </span>
    </p>
   </div>
   <div class='ocr_carea' id='block_1_8' title="bbox 1140 3272 1940 3622">
    <p class='ocr_par' dir='ltr' id='par_1_27' title="bbox 1140 3272 1940 3622">
     <span class='ocr_line' id='line_1_74' title="bbox 1141 3272 1938 3348; baseline -0.009 -15"><span class='ocrx_word' id='word_1_541' title='bbox 1141 3276 1309 3348; x_wconf 87' lang='lat' dir='ltr'>pericliteris,</span> <span class='ocrx_word' id='word_1_542' title='bbox 1324 3276 1345 3331; x_wconf 91' lang='lat' dir='ltr'>si</span> <span class='ocrx_word' id='word_1_543' title='bbox 1359 3276 1485 3346; x_wconf 74' lang='lat' dir='ltr'>negligas,</span> <span class='ocrx_word' id='word_1_544' title='bbox 1498 3289 1588 3343; x_wconf 83' lang='lat' dir='ltr'>neque</span> <span class='ocrx_word' id='word_1_545' title='bbox 1595 3272 1675 3329; x_wconf 90' lang='lat' dir='ltr'>adeas</span> <span class='ocrx_word' id='word_1_546' title='bbox 1684 3288 1740 3340; x_wconf 90' lang='lat' dir='ltr'>eos,</span> <span class='ocrx_word' id='word_1_547' title='bbox 1753 3273 1798 3344; x_wconf 92' lang='lat' dir='ltr'>qui</span> <span class='ocrx_word' id='word_1_548' title='bbox 1812 3273 1938 3328; x_wconf 85' lang='lat' dir='ltr'>idemest-</span> 
     </span>
     <span class='ocr_line' id='line_1_75' title="bbox 1140 3355 1938 3438; baseline -0.01 -14"><span class='ocrx_word' id='word_1_549' title='bbox 1140 3367 1205 3424; x_wconf 89' lang='lat' dir='ltr'>dare</span> <span class='ocrx_word' id='word_1_550' title='bbox 1218 3375 1340 3438; x_wconf 86' lang='lat' dir='ltr'>possunt,</span> <span class='ocrx_word' id='word_1_551' title='bbox 1356 3381 1418 3422; x_wconf 88' lang='lat' dir='ltr'>reus</span> <span class='ocrx_word' id='word_1_552' title='bbox 1428 3367 1481 3421; x_wconf 89' lang='lat' dir='ltr'>eris</span> <span class='ocrx_word' id='word_1_553' title='bbox 1494 3366 1591 3419; x_wconf 85' lang='lat' dir='ltr'>ariirnae</span> <span class='ocrx_word' id='word_1_554' title='bbox 1604 3364 1684 3431; x_wconf 89' lang='lat' dir='ltr'>iiiios,</span> <span class='ocrx_word' id='word_1_555' title='bbox 1698 3363 1741 3434; x_wconf 92' lang='lat' dir='ltr'>qui</span> <span class='ocrx_word' id='word_1_556' title='bbox 1755 3378 1817 3419; x_wconf 91' lang='lat' dir='ltr'>eum</span> <span class='ocrx_word' id='word_1_557' title='bbox 1836 3355 1938 3419; x_wconf 81' lang='lat' dir='ltr'>rideris</span> 
     </span>
     <span class='ocr_line' id='line_1_76' title="bbox 1140 3455 1940 3527; baseline -0.005 -12"><span class='ocrx_word' id='word_1_558' title='bbox 1140 3458 1225 3515; x_wconf 87' lang='lat' dir='ltr'>iorem</span> <span class='ocrx_word' id='word_1_559' title='bbox 1238 3457 1420 3522; x_wconf 74' lang='lat' dir='ltr'>effodientem,</span> <span class='ocrx_word' id='word_1_560' title='bbox 1433 3473 1486 3512; x_wconf 86' lang='grc' dir='ltr'>ιιοιι</span> <span class='ocrx_word' id='word_1_561' title='bbox 1501 3456 1672 3527; x_wconf 88' lang='lat' dir='ltr'>impedireris</span> <span class='ocrx_word' id='word_1_562' title='bbox 1683 3455 1740 3511; x_wconf 88' lang='lat' dir='ltr'>siue</span> <span class='ocrx_word' id='word_1_563' title='bbox 1756 3464 1864 3526; x_wconf 90' lang='lat' dir='ltr'>perte,</span> <span class='ocrx_word' id='word_1_564' title='bbox 1878 3456 1940 3511; x_wconf 84' lang='lat' dir='ltr'>sire</span> 
     </span>
     <span class='ocr_line' id='line_1_77' title="bbox 1141 3537 1939 3622; baseline -0.009 -16"><span class='ocrx_word' id='word_1_565' title='bbox 1141 3567 1189 3622; x_wconf 90' lang='lat' dir='ltr'>per</span> <span class='ocrx_word' id='word_1_566' title='bbox 1201 3551 1292 3606; x_wconf 90' lang='lat' dir='ltr'>atium.</span> <span class='ocrx_word' id='word_1_567' title='bbox 1307 3547 1398 3618; x_wconf 86' lang='lat' dir='ltr'>Neque</span> <span class='ocrx_word' id='word_1_568' title='bbox 1411 3563 1473 3604; x_wconf 87' lang='lat' dir='ltr'>vero</span> <span class='ocrx_word' id='word_1_569' title='bbox 1489 3550 1539 3602; x_wconf 89' lang='lat' dir='ltr'>ttoc</span> <span class='ocrx_word' id='word_1_570' title='bbox 1553 3547 1624 3613; x_wconf 88' lang='lat' dir='ltr'>dico,</span> <span class='ocrx_word' id='word_1_571' title='bbox 1638 3545 1708 3617; x_wconf 88' lang='lat' dir='ltr'>quoti</span> <span class='ocrx_word' id='word_1_572' title='bbox 1724 3545 1771 3600; x_wconf 91' lang='lat' dir='ltr'>tibi</span> <span class='ocrx_word' id='word_1_573' title='bbox 1789 3537 1939 3617; x_wconf 84' lang='lat' dir='ltr'>periculum</span> 
     </span>
    </p>
   </div>
   <div class='ocr_carea' id='block_1_9' title="bbox 1141 3635 2051 3714">
    <p class='ocr_par' dir='ltr' id='par_1_28' title="bbox 1141 3635 2051 3714">
     <span class='ocr_line' id='line_1_78' title="bbox 1141 3635 2051 3714; baseline -0.009 -15"><span class='ocrx_word' id='word_1_574' title='bbox 1141 3642 1298 3714; x_wconf 88' lang='lat' dir='ltr'>impendere</span> <span class='ocrx_word' id='word_1_575' title='bbox 1310 3651 1411 3712; x_wconf 89' lang='lat' dir='ltr'>putem,</span> <span class='ocrx_word' id='word_1_576' title='bbox 1433 3639 1481 3695; x_wconf 87' lang='lat' dir='ltr'>sed</span> <span class='ocrx_word' id='word_1_577' title='bbox 1497 3649 1524 3694; x_wconf 91' lang='lat' dir='ltr'>ut</span> <span class='ocrx_word' id='word_1_578' title='bbox 1539 3649 1565 3694; x_wconf 91' lang='lat' dir='ltr'>te</span> <span class='ocrx_word' id='word_1_579' title='bbox 1578 3652 1702 3694; x_wconf 89' lang='lat' dir='ltr'>securum</span> <span class='ocrx_word' id='word_1_580' title='bbox 1716 3635 1837 3703; x_wconf 88' lang='lat' dir='ltr'>reddam,</span> <span class='ocrx_word' id='word_1_581' title='bbox 1854 3645 1935 3707; x_wconf 90' lang='lat' dir='ltr'>utque</span> <span class='ocrx_word' id='word_1_582' title='bbox 2047 3659 2051 3666; x_wconf 87' lang='lat'><em>·</em></span> 
     </span>
    </p>
   </div>
   <div class='ocr_carea' id='block_1_10' title="bbox 1140 3733 1940 3990">
    <p class='ocr_par' dir='ltr' id='par_1_29' title="bbox 1140 3733 1940 3990">
     <span class='ocr_line' id='line_1_79' title="bbox 1142 3733 1940 3804; baseline -0.011 -11"><span class='ocrx_word' id='word_1_583' title='bbox 1142 3737 1167 3793; x_wconf 95' lang='lat' dir='ltr'>id</span> <span class='ocrx_word' id='word_1_584' title='bbox 1194 3736 1309 3794; x_wconf 85' lang='lat' dir='ltr'>ciliciam</span> <span class='ocrx_word' id='word_1_585' title='bbox 1332 3743 1362 3789; x_wconf 94' lang='grc' dir='ltr'>ιιι</span> <span class='ocrx_word' id='word_1_586' title='bbox 1388 3733 1497 3804; x_wconf 89' lang='lat' dir='ltr'>perinde</span> <span class='ocrx_word' id='word_1_587' title='bbox 1520 3733 1634 3787; x_wconf 88' lang='lat' dir='ltr'>aliorum</span> <span class='ocrx_word' id='word_1_588' title='bbox 1658 3739 1738 3800; x_wconf 87' lang='lat' dir='ltr'>atque</span> <span class='ocrx_word' id='word_1_589' title='bbox 1764 3737 1837 3784; x_wconf 91' lang='lat' dir='ltr'>tuam</span> <span class='ocrx_word' id='word_1_590' title='bbox 1860 3743 1940 3784; x_wconf 89' lang='lat' dir='ltr'>eures</span> 
     </span>
     <span class='ocr_line' id='line_1_80' title="bbox 1141 3819 1940 3894; baseline -0.013 -12"><span class='ocrx_word' id='word_1_591' title='bbox 1141 3827 1264 3884; x_wconf 78' lang='lat' dir='ltr'>salutem.</span> <span class='ocrx_word' id='word_1_592' title='bbox 1280 3825 1315 3880; x_wconf 87' lang='lat' dir='ltr'>lta</span> <span class='ocrx_word' id='word_1_593' title='bbox 1329 3825 1400 3880; x_wconf 90' lang='lat' dir='ltr'>euim</span> <span class='ocrx_word' id='word_1_594' title='bbox 1413 3823 1558 3894; x_wconf 89' lang='lat' dir='ltr'>poterimus</span> <span class='ocrx_word' id='word_1_595' title='bbox 1572 3821 1701 3892; x_wconf 90' lang='lat' dir='ltr'>promissa</span> <span class='ocrx_word' id='word_1_596' title='bbox 1714 3819 1841 3890; x_wconf 88' lang='lat' dir='ltr'>consequi</span> <span class='ocrx_word' id='word_1_597' title='bbox 1856 3820 1940 3886; x_wconf 87' lang='lat' dir='ltr'>boua,</span> 
     </span>
     <span class='ocr_line' id='line_1_81' title="bbox 1140 3912 1935 3990; baseline -0.01 -17"><span class='ocrx_word' id='word_1_598' title='bbox 1140 3919 1224 3990; x_wconf 85' lang='lat' dir='ltr'>gratia</span> <span class='ocrx_word' id='word_1_599' title='bbox 1252 3917 1370 3981; x_wconf 82' lang='lat' dir='ltr'>Citristi,</span> <span class='ocrx_word' id='word_1_600' title='bbox 1397 3916 1440 3970; x_wconf 89' lang='lat' dir='ltr'>eui</span> <span class='ocrx_word' id='word_1_601' title='bbox 1468 3914 1553 3985; x_wconf 86' lang='lat' dir='ltr'>gioria</span> <span class='ocrx_word' id='word_1_602' title='bbox 1582 3913 1609 3968; x_wconf 92' lang='lat' dir='ltr'>in</span> <span class='ocrx_word' id='word_1_603' title='bbox 1637 3913 1734 3967; x_wconf 79' lang='lat' dir='ltr'>saecuta</span> <span class='ocrx_word' id='word_1_604' title='bbox 1764 3912 1935 3966; x_wconf 77' lang='lat' dir='ltr'>secutorum.</span> 
     </span>
    </p>
   </div>
   <div class='ocr_carea' id='block_1_11' title="bbox 1142 4015 1239 4091">
    <p class='ocr_par' dir='ltr' id='par_1_30' title="bbox 1142 4015 1239 4091">
     <span class='ocr_line' id='line_1_82' title="bbox 1142 4015 1239 4091; baseline -0.041 -25"><span class='ocrx_word' id='word_1_605' title='bbox 1142 4015 1239 4091; x_wconf 79' lang='lat' dir='ltr'>Anien.</span> 
     </span>
    </p>
   </div>
   <div class='ocr_carea' id='block_1_12' title="bbox 722 4243 1514 4339">
    <p class='ocr_par' dir='ltr' id='par_1_31' title="bbox 722 4243 1514 4339">
     <span class='ocr_line' id='line_1_83' title="bbox 722 4243 1514 4339; baseline -0.016 1"><span class='ocrx_word' id='word_1_606' title='bbox 722 4255 802 4338; x_wconf 89' lang='lat' dir='ltr'>DE</span> <span class='ocrx_word' id='word_1_607' title='bbox 827 4248 1226 4339; x_wconf 86' lang='lat' dir='ltr'>PROVlDENTIA</span> <span class='ocrx_word' id='word_1_608' title='bbox 1253 4249 1328 4332; x_wconf 87' lang='lat' dir='ltr'>ET</span> <span class='ocrx_word' id='word_1_609' title='bbox 1349 4243 1514 4331; x_wconf 87' lang='lat' dir='ltr'>FATO.</span> 
     </span>
    </p>
   </div>
   <div class='ocr_carea' id='block_1_13' title="bbox 1117 4440 1295 4472">
    <p class='ocr_par' dir='ltr' id='par_1_32' title="bbox 1117 4440 1295 4472">
     <span class='ocr_line' id='line_1_84' title="bbox 1117 4440 1295 4472; baseline -0.006 1"><span class='ocrx_word' id='word_1_610' title='bbox 1117 4440 1238 4468; x_wconf 60' lang='lat' dir='ltr'>W*</span> <span class='ocrx_word' id='word_1_611' title='bbox 1293 4467 1295 4472; x_wconf 95' lang='lat'>.</span> 
     </span>
    </p>
   </div>
   <div class='ocr_carea' id='block_1_14' title="bbox 615 4575 770 4616">
    <p class='ocr_par' dir='ltr' id='par_1_33' title="bbox 615 4575 770 4616">
     <span class='ocr_line' id='line_1_85' title="bbox 615 4575 770 4616; baseline -0.026 0"><span class='ocrx_word' id='word_1_612' title='bbox 615 4575 716 4616; x_wconf 75' lang='grc' dir='ltr'><strong>ΟΙΗΙΟ</strong></span> <span class='ocrx_word' id='word_1_613' title='bbox 734 4576 770 4614; x_wconf 83' lang='lat' dir='ltr'>tv.</span> 
     </span>
    </p>
   </div>
   <div class='ocr_carea' id='block_1_15' title="bbox 1147 4545 1943 4625">
    <p class='ocr_par' dir='ltr' id='par_1_34' title="bbox 1147 4545 1943 4625">
     <span class='ocr_line' id='line_1_86' title="bbox 1147 4545 1943 4625; baseline -0.015 -13"><span class='ocrx_word' id='word_1_614' title='bbox 1147 4557 1181 4612; x_wconf 90' lang='lat' dir='ltr'>de</span> <span class='ocrx_word' id='word_1_615' title='bbox 1195 4556 1288 4611; x_wconf 88' lang='lat' dir='ltr'>endem</span> <span class='ocrx_word' id='word_1_616' title='bbox 1301 4551 1441 4625; x_wconf 80' lang='lat' dir='ltr'>itypotitesi</span> <span class='ocrx_word' id='word_1_617' title='bbox 1453 4550 1546 4607; x_wconf 88' lang='lat' dir='ltr'>eadem</span> <span class='ocrx_word' id='word_1_618' title='bbox 1559 4551 1615 4619; x_wconf 89' lang='lat' dir='ltr'>ipsa</span> <span class='ocrx_word' id='word_1_619' title='bbox 1630 4557 1816 4622; x_wconf 86' lang='lat' dir='ltr'>retractemus.</span> <span class='ocrx_word' id='word_1_620' title='bbox 1825 4545 1855 4602; x_wconf 86' lang='lat' dir='ltr'>st</span> <span class='ocrx_word' id='word_1_621' title='bbox 1868 4547 1943 4602; x_wconf 90' lang='lat' dir='ltr'>enim</span> 
     </span>
    </p>
   </div>
   <div class='ocr_carea' id='block_1_16' title="bbox 293 4635 1946 5184">
    <p class='ocr_par' dir='ltr' id='par_1_35' title="bbox 293 4635 1946 5184">
     <span class='ocr_line' id='line_1_87' title="bbox 330 4635 1938 4724; baseline -0.011 -16"><span class='ocrx_word' id='word_1_622' title='bbox 330 4649 429 4708; x_wconf 69' lang='lat' dir='ltr'>&amp;dest</span> <span class='ocrx_word' id='word_1_623' title='bbox 439 4651 497 4724; x_wconf 83' lang='lat' dir='ltr'>ipsa</span> <span class='ocrx_word' id='word_1_624' title='bbox 509 4651 593 4708; x_wconf 81' lang='lat' dir='ltr'>dicere</span> <span class='ocrx_word' id='word_1_625' title='bbox 610 4652 673 4707; x_wconf 84' lang='lat' dir='ltr'>milri</span> <span class='ocrx_word' id='word_1_626' title='bbox 687 4651 789 4723; x_wconf 85' lang='lat' dir='ltr'>quidem</span> <span class='ocrx_word' id='word_1_627' title='bbox 803 4667 880 4722; x_wconf 67' lang='lat' dir='ltr'>pora</span> <span class='ocrx_word' id='word_1_628' title='bbox 891 4667 943 4705; x_wconf 85' lang='lat' dir='ltr'>non</span> <span class='ocrx_word' id='word_1_629' title='bbox 952 4660 1005 4719; x_wconf 84' lang='lat' dir='ltr'>est,</span> <span class='ocrx_word' id='word_1_630' title='bbox 1022 4649 1091 4705; x_wconf 83' lang='lat' dir='ltr'>reiis</span> <span class='ocrx_word' id='word_1_631' title='bbox 1142 4649 1278 4706; x_wconf 87' lang='lat' dir='ltr'>conlidere</span> <span class='ocrx_word' id='word_1_632' title='bbox 1291 4647 1403 4711; x_wconf 89' lang='lat' dir='ltr'>liceret,</span> <span class='ocrx_word' id='word_1_633' title='bbox 1416 4659 1465 4700; x_wconf 86' lang='lat' dir='ltr'>ros</span> <span class='ocrx_word' id='word_1_634' title='bbox 1478 4641 1614 4698; x_wconf 77' lang='lat' dir='ltr'>tttssemet</span> <span class='ocrx_word' id='word_1_635' title='bbox 1634 4639 1732 4694; x_wconf 90' lang='lat' dir='ltr'>auditis</span> <span class='ocrx_word' id='word_1_636' title='bbox 1756 4635 1938 4710; x_wconf 74' lang='lat' dir='ltr'>egritudinem</span> 
     </span>
     <span class='ocr_line' id='line_1_88' title="bbox 293 4729 1938 4816; baseline -0.012 -15"><span class='ocrx_word' id='word_1_637' title='bbox 293 4759 353 4802; x_wconf 85' lang='lat' dir='ltr'>uere</span> <span class='ocrx_word' id='word_1_638' title='bbox 366 4754 449 4798; x_wconf 92' lang='grc' dir='ltr'>ιιιιιιιιι</span> <span class='ocrx_word' id='word_1_639' title='bbox 461 4743 592 4816; x_wconf 72' lang='lat' dir='ltr'>(Philipp.</span> <span class='ocrx_word' id='word_1_640' title='bbox 607 4743 635 4799; x_wconf 84' lang='lat' dir='ltr'>ll.</span> <span class='ocrx_word' id='word_1_641' title='bbox 650 4741 689 4816; x_wconf 87' lang='lat' dir='ltr'>t).</span> <span class='ocrx_word' id='word_1_642' title='bbox 711 4743 788 4810; x_wconf 81' lang='lat' dir='ltr'>Quod</span> <span class='ocrx_word' id='word_1_643' title='bbox 800 4743 823 4798; x_wconf 91' lang='lat' dir='ltr'>si</span> <span class='ocrx_word' id='word_1_644' title='bbox 835 4742 920 4799; x_wconf 80' lang='lat' dir='ltr'>Paulo</span> <span class='ocrx_word' id='word_1_645' title='bbox 938 4741 1092 4813; x_wconf 79' lang='lat' dir='ltr'>trequentes</span> <span class='ocrx_word' id='word_1_646' title='bbox 1143 4740 1225 4797; x_wconf 80' lang='lat' dir='ltr'>autimi</span> <span class='ocrx_word' id='word_1_647' title='bbox 1237 4739 1407 4809; x_wconf 90' lang='lat' dir='ltr'>deposituros</span> <span class='ocrx_word' id='word_1_648' title='bbox 1424 4749 1495 4801; x_wconf 87' lang='lat' dir='ltr'>esse,</span> <span class='ocrx_word' id='word_1_649' title='bbox 1519 4747 1554 4789; x_wconf 87' lang='lat' dir='ltr'>ne</span> <span class='ocrx_word' id='word_1_650' title='bbox 1569 4731 1729 4802; x_wconf 86' lang='lat' dir='ltr'>sicquidem</span> <span class='ocrx_word' id='word_1_651' title='bbox 1743 4730 1776 4786; x_wconf 90' lang='lat' dir='ltr'>ab</span> <span class='ocrx_word' id='word_1_652' title='bbox 1792 4729 1844 4785; x_wconf 91' lang='lat' dir='ltr'>boe</span> <span class='ocrx_word' id='word_1_653' title='bbox 1857 4743 1938 4798; x_wconf 85' lang='lat' dir='ltr'>argu--</span> 
     </span>
     <span class='ocr_line' id='line_1_89' title="bbox 293 4820 1941 4907; baseline -0.012 -13"><span class='ocrx_word' id='word_1_654' title='bbox 293 4835 572 4907; x_wconf 87' lang='lat' dir='ltr'>discipulosdoetriua</span> <span class='ocrx_word' id='word_1_655' title='bbox 583 4835 704 4893; x_wconf 85' lang='lat' dir='ltr'>imbuere</span> <span class='ocrx_word' id='word_1_656' title='bbox 715 4836 958 4906; x_wconf 75' lang='lat' dir='ltr'>oposi&#39;uit3Paulo,</span> <span class='ocrx_word' id='word_1_657' title='bbox 971 4835 1089 4906; x_wconf 86' lang='lat' dir='ltr'>inquam,</span> <span class='ocrx_word' id='word_1_658' title='bbox 1143 4842 1234 4892; x_wconf 88' lang='lat' dir='ltr'>mento</span> <span class='ocrx_word' id='word_1_659' title='bbox 1248 4829 1449 4895; x_wconf 86' lang='lat' dir='ltr'>recedendum,</span> <span class='ocrx_word' id='word_1_660' title='bbox 1472 4826 1519 4882; x_wconf 88' lang='lat' dir='ltr'>sed</span> <span class='ocrx_word' id='word_1_661' title='bbox 1537 4825 1571 4881; x_wconf 89' lang='lat' dir='ltr'>de</span> <span class='ocrx_word' id='word_1_662' title='bbox 1583 4824 1678 4879; x_wconf 89' lang='lat' dir='ltr'>eudem</span> <span class='ocrx_word' id='word_1_663' title='bbox 1696 4823 1754 4894; x_wconf 91' lang='lat' dir='ltr'>ipso</span> <span class='ocrx_word' id='word_1_664' title='bbox 1773 4820 1941 4892; x_wconf 88' lang='lat' dir='ltr'>loquendum.</span> 
     </span>
     <span class='ocr_line' id='line_1_90' title="bbox 294 4910 1937 5001; baseline -0.016 -13"><span class='ocrx_word' id='word_1_665' title='bbox 294 4929 340 5001; x_wconf 89' lang='lat' dir='ltr'>rpti</span> <span class='ocrx_word' id='word_1_666' title='bbox 353 4945 415 4985; x_wconf 90' lang='lat' dir='ltr'>eom</span> <span class='ocrx_word' id='word_1_667' title='bbox 429 4927 545 4999; x_wconf 82' lang='lat' dir='ltr'>Spiritus</span> <span class='ocrx_word' id='word_1_668' title='bbox 563 4928 649 4999; x_wconf 86' lang='lat' dir='ltr'>gratia</span> <span class='ocrx_word' id='word_1_669' title='bbox 669 4927 800 4992; x_wconf 86' lang='lat' dir='ltr'>docebat,</span> <span class='ocrx_word' id='word_1_670' title='bbox 826 4929 871 4998; x_wconf 89' lang='lat' dir='ltr'>qui</span> <span class='ocrx_word' id='word_1_671' title='bbox 892 4945 953 4985; x_wconf 90' lang='lat' dir='ltr'>cum</span> <span class='ocrx_word' id='word_1_672' title='bbox 979 4927 1091 4998; x_wconf 76' lang='lat' dir='ltr'>inoperta</span> <span class='ocrx_word' id='word_1_673' title='bbox 1142 4934 1224 4992; x_wconf 86' lang='lat' dir='ltr'>esset,</span> <span class='ocrx_word' id='word_1_674' title='bbox 1241 4933 1270 4980; x_wconf 92' lang='lat' dir='ltr'>ut</span> <span class='ocrx_word' id='word_1_675' title='bbox 1284 4925 1360 4978; x_wconf 89' lang='lat' dir='ltr'>ttrma</span> <span class='ocrx_word' id='word_1_676' title='bbox 1371 4919 1527 4988; x_wconf 85' lang='lat' dir='ltr'>stabilisque</span> <span class='ocrx_word' id='word_1_677' title='bbox 1539 4916 1639 4971; x_wconf 81' lang='lat' dir='ltr'>sanius</span> <span class='ocrx_word' id='word_1_678' title='bbox 1653 4920 1741 4977; x_wconf 86' lang='lat' dir='ltr'>esset,</span> <span class='ocrx_word' id='word_1_679' title='bbox 1754 4925 1856 4982; x_wconf 84' lang='lat' dir='ltr'>uosque</span> <span class='ocrx_word' id='word_1_680' title='bbox 1868 4910 1937 4966; x_wconf 83' lang='lat' dir='ltr'>carni</span> 
     </span>
     <span class='ocr_line' id='line_1_91' title="bbox 295 5005 1946 5092; baseline -0.012 -16"><span class='ocrx_word' id='word_1_681' title='bbox 295 5021 419 5078; x_wconf 86' lang='lat' dir='ltr'>iuimicus</span> <span class='ocrx_word' id='word_1_682' title='bbox 431 5019 573 5092; x_wconf 89' lang='lat' dir='ltr'>abigebat,</span> <span class='ocrx_word' id='word_1_683' title='bbox 593 5021 638 5092; x_wconf 90' lang='lat' dir='ltr'>qui</span> <span class='ocrx_word' id='word_1_684' title='bbox 649 5021 769 5077; x_wconf 86' lang='lat' dir='ltr'>otttuiuut</span> <span class='ocrx_word' id='word_1_685' title='bbox 782 5021 955 5092; x_wconf 74' lang='lat' dir='ltr'>egritudines</span> <span class='ocrx_word' id='word_1_686' title='bbox 967 5020 1089 5085; x_wconf 82' lang='lat' dir='ltr'>totietuu,</span> <span class='ocrx_word' id='word_1_687' title='bbox 1143 5018 1257 5084; x_wconf 87' lang='lat' dir='ltr'>essetis,</span> <span class='ocrx_word' id='word_1_688' title='bbox 1282 5031 1315 5069; x_wconf 88' lang='lat' dir='ltr'>ue</span> <span class='ocrx_word' id='word_1_689' title='bbox 1328 5014 1354 5068; x_wconf 90' lang='lat' dir='ltr'>in</span> <span class='ocrx_word' id='word_1_690' title='bbox 1368 5012 1425 5070; x_wconf 86' lang='lat' dir='ltr'>itaec</span> <span class='ocrx_word' id='word_1_691' title='bbox 1438 5025 1520 5082; x_wconf 86' lang='lat' dir='ltr'>opera</span> <span class='ocrx_word' id='word_1_692' title='bbox 1534 5009 1699 5065; x_wconf 81' lang='lat' dir='ltr'>resideretis.</span> <span class='ocrx_word' id='word_1_693' title='bbox 1726 5005 1858 5072; x_wconf 82' lang='lat' dir='ltr'>Quoniam</span> <span class='ocrx_word' id='word_1_694' title='bbox 1877 5016 1946 5056; x_wconf 63' lang='lat' dir='ltr'>sero«</span> 
     </span>
     <span class='ocr_line' id='line_1_92' title="bbox 296 5095 1940 5184; baseline -0.012 -16"><span class='ocrx_word' id='word_1_695' title='bbox 296 5113 427 5170; x_wconf 84' lang='lat' dir='ltr'>Pauioita</span> <span class='ocrx_word' id='word_1_696' title='bbox 439 5111 581 5180; x_wconf 80' lang='lat' dir='ltr'>honorato,</span> <span class='ocrx_word' id='word_1_697' title='bbox 597 5127 677 5184; x_wconf 91' lang='lat' dir='ltr'>quem</span> <span class='ocrx_word' id='word_1_698' title='bbox 691 5127 787 5169; x_wconf 88' lang='lat' dir='ltr'>omnes</span> <span class='ocrx_word' id='word_1_699' title='bbox 799 5111 943 5168; x_wconf 85' lang='lat' dir='ltr'>audiebant</span> <span class='ocrx_word' id='word_1_700' title='bbox 953 5112 1027 5183; x_wconf 85' lang='lat' dir='ltr'>quasi</span> <span class='ocrx_word' id='word_1_701' title='bbox 1041 5127 1091 5164; x_wconf 90' lang='lat' dir='ltr'>nn·</span> <span class='ocrx_word' id='word_1_702' title='bbox 1126 5109 1212 5180; x_wconf 49' lang='lat' dir='ltr'>*apud</span> <span class='ocrx_word' id='word_1_703' title='bbox 1229 5106 1366 5162; x_wconf 87' lang='lat' dir='ltr'>auditores</span> <span class='ocrx_word' id='word_1_704' title='bbox 1385 5104 1514 5174; x_wconf 85' lang='lat' dir='ltr'>reliquias</span> <span class='ocrx_word' id='word_1_705' title='bbox 1535 5101 1623 5156; x_wconf 86' lang='lat' dir='ltr'>adime</span> <span class='ocrx_word' id='word_1_706' title='bbox 1638 5097 1724 5154; x_wconf 90' lang='lat' dir='ltr'>morbi</span> <span class='ocrx_word' id='word_1_707' title='bbox 1739 5111 1799 5152; x_wconf 89' lang='lat' dir='ltr'>esse</span> <span class='ocrx_word' id='word_1_708' title='bbox 1816 5095 1940 5166; x_wconf 88' lang='lat' dir='ltr'>suspica-</span> 
     </span>
    </p>
   </div>
   <div class='ocr_carea' id='block_1_17' title="bbox 294 5183 2054 5277">
    <p class='ocr_par' dir='ltr' id='par_1_36' title="bbox 294 5183 2054 5277">
     <span class='ocr_line' id='line_1_93' title="bbox 294 5183 2054 5277; baseline -0.015 -16"><span class='ocrx_word' id='word_1_709' title='bbox 294 5206 384 5277; x_wconf 84' lang='lat' dir='ltr'>gelum</span> <span class='ocrx_word' id='word_1_710' title='bbox 397 5208 432 5262; x_wconf 89' lang='lat' dir='ltr'>de</span> <span class='ocrx_word' id='word_1_711' title='bbox 441 5205 510 5262; x_wconf 76' lang='lat' dir='ltr'>celo</span> <span class='ocrx_word' id='word_1_712' title='bbox 519 5207 741 5272; x_wconf 86' lang='lat' dir='ltr'>descendentem,</span> <span class='ocrx_word' id='word_1_713' title='bbox 754 5207 809 5262; x_wconf 88' lang='lat' dir='ltr'>imo</span> <span class='ocrx_word' id='word_1_714' title='bbox 822 5207 910 5276; x_wconf 91' lang='lat' dir='ltr'>potius</span> <span class='ocrx_word' id='word_1_715' title='bbox 921 5206 1090 5276; x_wconf 79' lang='lat' dir='ltr'>quasiipmm</span> <span class='ocrx_word' id='word_1_716' title='bbox 1144 5217 1215 5267; x_wconf 87' lang='lat' dir='ltr'>tuur,</span> <span class='ocrx_word' id='word_1_717' title='bbox 1231 5197 1381 5253; x_wconf 81' lang='lat' dir='ltr'>necessaria</span> <span class='ocrx_word' id='word_1_718' title='bbox 1395 5204 1421 5251; x_wconf 93' lang='lat' dir='ltr'>et</span> <span class='ocrx_word' id='word_1_719' title='bbox 1431 5193 1526 5249; x_wconf 87' lang='lat' dir='ltr'>rationi</span> <span class='ocrx_word' id='word_1_720' title='bbox 1543 5199 1722 5248; x_wconf 88' lang='lat' dir='ltr'>consentanea</span> <span class='ocrx_word' id='word_1_721' title='bbox 1737 5185 1819 5241; x_wconf 88' lang='lat' dir='ltr'>nobis</span> <span class='ocrx_word' id='word_1_722' title='bbox 1829 5194 1871 5240; x_wconf 90' lang='lat' dir='ltr'>est</span> <span class='ocrx_word' id='word_1_723' title='bbox 1886 5183 1939 5238; x_wconf 86' lang='lat' dir='ltr'>ire·</span> <span class='ocrx_word' id='word_1_724' title='bbox 2053 5269 2054 5272; x_wconf 7' lang='grc' dir='ltr'><strong>Ἴ</strong></span> 
     </span>
    </p>
   </div>
   <div class='ocr_carea' id='block_1_18' title="bbox 276 5273 1964 5836">
    <p class='ocr_par' dir='ltr' id='par_1_37' title="bbox 276 5273 1944 5654">
     <span class='ocr_line' id='line_1_94' title="bbox 295 5273 1940 5370; baseline -0.016 -16"><span class='ocrx_word' id='word_1_725' title='bbox 295 5299 450 5366; x_wconf 74' lang='lat' dir='ltr'>(liaristum3</span> <span class='ocrx_word' id='word_1_726' title='bbox 464 5298 488 5354; x_wconf 89' lang='lat' dir='ltr'>si</span> <span class='ocrx_word' id='word_1_727' title='bbox 500 5298 589 5370; x_wconf 90' lang='lat' dir='ltr'>itaque</span> <span class='ocrx_word' id='word_1_728' title='bbox 599 5299 637 5356; x_wconf 90' lang='lat' dir='ltr'>iiii</span> <span class='ocrx_word' id='word_1_729' title='bbox 647 5315 759 5357; x_wconf 88' lang='lat' dir='ltr'>necesse</span> <span class='ocrx_word' id='word_1_730' title='bbox 767 5297 819 5354; x_wconf 87' lang='lat' dir='ltr'>init</span> <span class='ocrx_word' id='word_1_731' title='bbox 828 5299 982 5368; x_wconf 81' lang='lat' dir='ltr'>trequentes</span> <span class='ocrx_word' id='word_1_732' title='bbox 997 5295 1091 5351; x_wconf 89' lang='lat' dir='ltr'>eadem</span> <span class='ocrx_word' id='word_1_733' title='bbox 1143 5305 1228 5362; x_wconf 90' lang='lat' dir='ltr'>quens</span> <span class='ocrx_word' id='word_1_734' title='bbox 1244 5287 1338 5344; x_wconf 89' lang='lat' dir='ltr'>iisdem</span> <span class='ocrx_word' id='word_1_735' title='bbox 1357 5287 1391 5343; x_wconf 89' lang='lat' dir='ltr'>de</span> <span class='ocrx_word' id='word_1_736' title='bbox 1411 5285 1491 5342; x_wconf 87' lang='lat' dir='ltr'>rebus</span> <span class='ocrx_word' id='word_1_737' title='bbox 1509 5281 1672 5338; x_wconf 90' lang='lat' dir='ltr'>adbortatiu.</span> <span class='ocrx_word' id='word_1_738' title='bbox 1698 5275 1785 5335; x_wconf 90' lang='lat' dir='ltr'>llodie</span> <span class='ocrx_word' id='word_1_739' title='bbox 1796 5284 1886 5331; x_wconf 86' lang='lat' dir='ltr'>autem</span> <span class='ocrx_word' id='word_1_740' title='bbox 1900 5273 1940 5328; x_wconf 91' lang='lat' dir='ltr'>di-</span> 
     </span>
     <span class='ocr_line' id='line_1_95' title="bbox 276 5365 1944 5465; baseline -0.016 -19"><span class='ocrx_word' id='word_1_741' title='bbox 276 5390 354 5461; x_wconf 82' lang='lat' dir='ltr'>-ipsa</span> <span class='ocrx_word' id='word_1_742' title='bbox 365 5402 499 5463; x_wconf 82' lang='lat' dir='ltr'>repetere,</span> <span class='ocrx_word' id='word_1_743' title='bbox 510 5392 595 5448; x_wconf 88' lang='lat' dir='ltr'>multo</span> <span class='ocrx_word' id='word_1_744' title='bbox 603 5392 784 5465; x_wconf 84' lang='lat' dir='ltr'>magisnobis,</span> <span class='ocrx_word' id='word_1_745' title='bbox 797 5392 842 5463; x_wconf 89' lang='lat' dir='ltr'>qui</span> <span class='ocrx_word' id='word_1_746' title='bbox 853 5391 928 5447; x_wconf 87' lang='lat' dir='ltr'>nulio</span> <span class='ocrx_word' id='word_1_747' title='bbox 941 5390 967 5443; x_wconf 92' lang='lat' dir='ltr'>iu</span> <span class='ocrx_word' id='word_1_748' title='bbox 980 5403 1092 5444; x_wconf 92' lang='lat' dir='ltr'>numero</span> <span class='ocrx_word' id='word_1_749' title='bbox 1143 5384 1257 5440; x_wconf 84' lang='lat' dir='ltr'>eundum</span> <span class='ocrx_word' id='word_1_750' title='bbox 1281 5391 1322 5438; x_wconf 90' lang='lat' dir='ltr'>est</span> <span class='ocrx_word' id='word_1_751' title='bbox 1345 5396 1399 5454; x_wconf 90' lang='lat' dir='ltr'>quo</span> <span class='ocrx_word' id='word_1_752' title='bbox 1426 5385 1504 5449; x_wconf 87' lang='lat' dir='ltr'>pacto</span> <span class='ocrx_word' id='word_1_753' title='bbox 1528 5375 1586 5432; x_wconf 74' lang='lat' dir='ltr'>itae</span> <span class='ocrx_word' id='word_1_754' title='bbox 1610 5371 1778 5444; x_wconf 83' lang='lat' dir='ltr'>etittgiamus.</span> <span class='ocrx_word' id='word_1_755' title='bbox 1800 5365 1944 5437; x_wconf 82' lang='lat' dir='ltr'>Quomodo</span> 
     </span>
     <span class='ocr_line' id='line_1_96' title="bbox 276 5459 1942 5554; baseline -0.019 -13"><span class='ocrx_word' id='word_1_756' title='bbox 276 5487 519 5544; x_wconf 65' lang='lat' dir='ltr'>summersam</span> <span class='ocrx_word' id='word_1_757' title='bbox 533 5487 613 5543; x_wconf 90' lang='lat' dir='ltr'>etiam</span> <span class='ocrx_word' id='word_1_758' title='bbox 627 5487 704 5544; x_wconf 87' lang='lat' dir='ltr'>robis</span> <span class='ocrx_word' id='word_1_759' title='bbox 724 5496 810 5544; x_wconf 91' lang='lat' dir='ltr'>tutum</span> <span class='ocrx_word' id='word_1_760' title='bbox 830 5494 872 5541; x_wconf 90' lang='lat' dir='ltr'>est</span> <span class='ocrx_word' id='word_1_761' title='bbox 891 5483 1046 5554; x_wconf 78' lang='lat' dir='ltr'>frequenter</span> <span class='ocrx_word' id='word_1_762' title='bbox 1058 5480 1093 5536; x_wconf 91' lang='lat' dir='ltr'>de</span> <span class='ocrx_word' id='word_1_763' title='bbox 1145 5479 1224 5550; x_wconf 88' lang='lat' dir='ltr'>igitur</span> <span class='ocrx_word' id='word_1_764' title='bbox 1238 5475 1412 5550; x_wconf 73' lang='lat' dir='ltr'>effugiemus?</span> <span class='ocrx_word' id='word_1_765' title='bbox 1436 5471 1527 5527; x_wconf 84' lang='lat' dir='ltr'>Primo</span> <span class='ocrx_word' id='word_1_766' title='bbox 1548 5466 1672 5539; x_wconf 91' lang='lat' dir='ltr'>precibus</span> <span class='ocrx_word' id='word_1_767' title='bbox 1692 5459 1867 5530; x_wconf 87' lang='lat' dir='ltr'>eteoiioquio</span> <span class='ocrx_word' id='word_1_768' title='bbox 1878 5473 1942 5514; x_wconf 79' lang='lat' dir='ltr'>eous</span> 
     </span>
     <span class='ocr_line' id='line_1_97' title="bbox 277 5552 1939 5654; baseline -0.018 -22"><span class='ocrx_word' id='word_1_769' title='bbox 277 5617 282 5623; x_wconf 79' lang='lat'><em>-</em></span> <span class='ocrx_word' id='word_1_770' title='bbox 297 5575 391 5634; x_wconf 90' lang='lat' dir='ltr'>iisdem</span> <span class='ocrx_word' id='word_1_771' title='bbox 406 5578 473 5648; x_wconf 89' lang='lat' dir='ltr'>ipsis</span> <span class='ocrx_word' id='word_1_772' title='bbox 484 5578 565 5634; x_wconf 89' lang='lat' dir='ltr'>rebus</span> <span class='ocrx_word' id='word_1_773' title='bbox 580 5556 693 5645; x_wconf 86' lang='lat' dir='ltr'>audire,</span> <span class='ocrx_word' id='word_1_774' title='bbox 710 5593 760 5635; x_wconf 91' lang='lat' dir='ltr'>uec</span> <span class='ocrx_word' id='word_1_775' title='bbox 775 5577 855 5637; x_wconf 87' lang='lat' dir='ltr'>utodo</span> <span class='ocrx_word' id='word_1_776' title='bbox 868 5575 903 5632; x_wconf 89' lang='lat' dir='ltr'>de</span> <span class='ocrx_word' id='word_1_777' title='bbox 916 5573 1011 5630; x_wconf 87' lang='lat' dir='ltr'>iisdem</span> <span class='ocrx_word' id='word_1_778' title='bbox 1027 5573 1093 5644; x_wconf 84' lang='lat' dir='ltr'>ipsis</span> <span class='ocrx_word' id='word_1_779' title='bbox 1145 5571 1210 5632; x_wconf 70' lang='lat' dir='ltr'>biso,</span> <span class='ocrx_word' id='word_1_780' title='bbox 1225 5567 1343 5626; x_wconf 81' lang='lat' dir='ltr'>secundo</span> <span class='ocrx_word' id='word_1_781' title='bbox 1354 5567 1404 5637; x_wconf 88' lang='lat' dir='ltr'>piis</span> <span class='ocrx_word' id='word_1_782' title='bbox 1418 5558 1631 5634; x_wconf 89' lang='lat' dir='ltr'>cogitationibus.</span> <span class='ocrx_word' id='word_1_783' title='bbox 1643 5554 1752 5612; x_wconf 78' lang='lat' dir='ltr'>sienim</span> <span class='ocrx_word' id='word_1_784' title='bbox 1766 5552 1939 5654; x_wconf 73' lang='lat' dir='ltr'>viderisque</span> 
     </span>
    </p>

    <p class='ocr_par' dir='ltr' id='par_1_38' title="bbox 297 5641 1964 5740">
     <span class='ocr_line' id='line_1_98' title="bbox 297 5641 1964 5740; baseline -0.018 -18"><span class='ocrx_word' id='word_1_785' title='bbox 297 5668 390 5737; x_wconf 83' lang='lat' dir='ltr'>rebus,</span> <span class='ocrx_word' id='word_1_786' title='bbox 404 5667 452 5725; x_wconf 87' lang='lat' dir='ltr'>scd</span> <span class='ocrx_word' id='word_1_787' title='bbox 466 5667 560 5726; x_wconf 86' lang='lat' dir='ltr'>cadem</span> <span class='ocrx_word' id='word_1_788' title='bbox 573 5668 630 5738; x_wconf 88' lang='lat' dir='ltr'>ipsa</span> <span class='ocrx_word' id='word_1_789' title='bbox 640 5668 675 5724; x_wconf 88' lang='lat' dir='ltr'>de</span> <span class='ocrx_word' id='word_1_790' title='bbox 689 5668 782 5724; x_wconf 90' lang='lat' dir='ltr'>iisdem</span> <span class='ocrx_word' id='word_1_791' title='bbox 798 5666 863 5736; x_wconf 84' lang='lat' dir='ltr'>ipsis</span> <span class='ocrx_word' id='word_1_792' title='bbox 871 5665 960 5719; x_wconf 87' lang='lat' dir='ltr'>rebus.</span> <span class='ocrx_word' id='word_1_793' title='bbox 978 5665 1017 5719; x_wconf 85' lang='lat' dir='ltr'>Ne</span> <span class='ocrx_word' id='word_1_794' title='bbox 1029 5678 1089 5733; x_wconf 87' lang='lat' dir='ltr'>grn-</span> <span class='ocrx_word' id='word_1_795' title='bbox 1116 5734 1122 5740; x_wconf 89' lang='lat'>.</span> <span class='ocrx_word' id='word_1_796' title='bbox 1146 5662 1248 5727; x_wconf 84' lang='lat' dir='ltr'>tutum,</span> <span class='ocrx_word' id='word_1_797' title='bbox 1259 5674 1319 5731; x_wconf 77' lang='lat' dir='ltr'>quta</span> <span class='ocrx_word' id='word_1_798' title='bbox 1334 5657 1475 5728; x_wconf 80' lang='lat' dir='ltr'>praeseutia</span> <span class='ocrx_word' id='word_1_799' title='bbox 1490 5651 1645 5718; x_wconf 66' lang='lat' dir='ltr'>fuerintne</span> <span class='ocrx_word' id='word_1_800' title='bbox 1659 5655 1761 5703; x_wconf 87' lang='lat' dir='ltr'>rectum</span> <span class='ocrx_word' id='word_1_801' title='bbox 1775 5641 1810 5700; x_wconf 81' lang='lat' dir='ltr'>de</span> <span class='ocrx_word' id='word_1_802' title='bbox 1821 5651 1941 5710; x_wconf 90' lang='lat' dir='ltr'>otnsqoe</span> <span class='ocrx_word' id='word_1_803' title='bbox 1962 5687 1964 5690; x_wconf 93' lang='lat'>.</span> 
     </span>
    </p>

    <p class='ocr_par' dir='ltr' id='par_1_39' title="bbox 298 5735 1941 5836">
     <span class='ocr_line' id='line_1_99' title="bbox 298 5735 1941 5836; baseline -0.016 -27"><span class='ocrx_word' id='word_1_804' title='bbox 298 5770 374 5813; x_wconf 79' lang='lat' dir='ltr'>tetur</span> <span class='ocrx_word' id='word_1_805' title='bbox 386 5774 451 5830; x_wconf 87' lang='lat' dir='ltr'>ergo</span> <span class='ocrx_word' id='word_1_806' title='bbox 464 5757 624 5831; x_wconf 86' lang='lat' dir='ltr'>qnisquam,</span> <span class='ocrx_word' id='word_1_807' title='bbox 646 5766 732 5830; x_wconf 83' lang='lat' dir='ltr'>neque</span> <span class='ocrx_word' id='word_1_808' title='bbox 746 5757 887 5812; x_wconf 90' lang='lat' dir='ltr'>molestum</span> <span class='ocrx_word' id='word_1_809' title='bbox 903 5754 962 5811; x_wconf 86' lang='lat' dir='ltr'>sibi·</span> <span class='ocrx_word' id='word_1_810' title='bbox 969 5764 1053 5836; x_wconf 87' lang='lat' dir='ltr'>putet,</span> <span class='ocrx_word' id='word_1_811' title='bbox 1069 5753 1090 5808; x_wconf 83' lang='lat' dir='ltr'>si</span> <span class='ocrx_word' id='word_1_812' title='bbox 1145 5753 1276 5808; x_wconf 80' lang='lat' dir='ltr'>miratum</span> <span class='ocrx_word' id='word_1_813' title='bbox 1290 5747 1394 5815; x_wconf 80' lang='lat' dir='ltr'>tuleris,</span> <span class='ocrx_word' id='word_1_814' title='bbox 1408 5759 1550 5816; x_wconf 89' lang='lat' dir='ltr'>numquam</span> <span class='ocrx_word' id='word_1_815' title='bbox 1563 5742 1613 5797; x_wconf 89' lang='lat' dir='ltr'>itoe</span> <span class='ocrx_word' id='word_1_816' title='bbox 1625 5738 1723 5795; x_wconf 89' lang='lat' dir='ltr'>malum</span> <span class='ocrx_word' id='word_1_817' title='bbox 1736 5735 1854 5792; x_wconf 87' lang='lat' dir='ltr'>animam</span> <span class='ocrx_word' id='word_1_818' title='bbox 1868 5740 1941 5786; x_wconf 85' lang='lat' dir='ltr'>tuam</span> 
     </span>
    </p>
   </div>
   <div class='ocr_carea' id='block_1_19' title="bbox 0 0 2083 6340">
    <p class='ocr_par' dir='ltr' id='par_1_40' title="bbox 0 0 2083 6340">
     <span class='ocr_line' id='line_1_100' title="bbox 0 0 2083 6340; baseline 0 0"><span class='ocrx_word' id='word_1_819' title='bbox 0 0 2083 6340; x_wconf 95' lang='lat' dir='ltr'> </span> 
     </span>
    </p>
   </div>
  </div>
 </body>
</html>
