4142 6342
134 349 183 408 ,gp
538 339 572 397 rn
587 339 700 408 tenuo,
720 334 904 398 saturnus
923 332 1128 396 rsrsctunan
1149 341 1192 397 an
1211 341 1377 412 roureto.
1400 342 1419 398 r.
1475 312 1483 322 '
1723 343 1777 415 nn
1832 331 1834 336 '

133 475 186 521 rum
208 457 297 530 majus
314 473 409 516 eorum
434 455 538 514 crimen
558 456 699 527 apparebit
719 461 747 510 et
767 454 863 524 eulpa,
883 454 930 523 qul
984 448 1053 518 Quid
1067 463 1133 510 uero
1146 469 1270 523 magnum
1291 458 1432 527 mirumne,
1448 457 1470 514 si
1485 459 1583 530 ipsura,
1598 461 1642 534 qui
1657 461 1778 523 eanrdnm

136 566 220 615 tantos
229 551 406 610 contemnunt
420 551 572 618 tbesauros,
582 561 611 606 et
619 550 773 622 spirituales
783 548 931 605 emaniltus
984 554 1069 602 oriem
1083 544 1225 616 lectitaret,
1240 551 1358 621 eiusdem
1371 553 1470 625 opificii
1482 555 1646 612 tonsolllum
1661 573 1713 614 ¹¹⁰¹!
1728 573 1782 630 pu·

137 665 198 722 opes
207 646 347 718 abjiciunt.
359 646 489 715 Quianam
500 643 580 716 igitur
592 652 635 700 est
647 642 788 700 salutatiol
801 640 930 705 salutm,
982 636 1157 708 deretlind
1172 641 1234 696 aisl
1248 643 1305 700 lloc
1318 645 1389 702 enim
1407 647 1494 716 ipsum
1508 647 1615 719 plurimi
1628 647 1780 708 laciendum

138 742 229 816 inquit,
246 741 391 798 Priscillam
403 749 426 793 ct
436 737 692 808 aquitanicus-nm
703 736 811 792 meotis
822 735 933 790 botrano
984 739 1026 784 ost
1039 738 1067 786 et
1083 730 1260 791 admiratione
1274 734 1394 808 dignum.
1409 737 1468 794 Non
1481 739 1551 796 enim
1566 753 1613 797 eos
1636 742 1681 814 qui
1703 742 1783 800 clari·
1810 758 1814 764 ’

140 830 474 910 (uenustissime
500 830 607 888 videtur
629 828 699 890 nuda
721 827 844 901 quadam
871 841 933 884 esse
985 829 1068 878 tatem
1089 833 1202 894 possunt
1220 831 1575 902 commemoraremujorunr
1600 847 1678 904 aque
1699 833 1783 906 pudet

138 927 276 988 grunno,
302 939 395 996 nequa,
412 923 558 996 quidquam
578 928 704 994 mamam
733 930 781 978 aut
802 920 931 976 eximium
985 913 1152 985 iniuriarum,
1168 925 1248 990 atque
1262 917 1323 978 illos
1337 921 1383 992 qui
1398 921 1423 977 iu
1438 923 1532 980 cadem
1544 924 1609 981 olim
1619 925 1691 999 vulgi
1716 925 1783 984 iace

137 1018 210 1076 nobis
221 1016 429 1088 imtmretuge
449 1016 529 1088 igturr
550 1015 649 1070 ineam
661 1014 746 1072 solam
762 1021 845 1069 totam
863 1012 933 1070 banc
982 1007 1127 1080 jacuerint,
1141 1019 1169 1068 ct
1188 1013 1222 1069 ad
1236 1012 1368 1071 illustrem
1382 1030 1415 1072 ac
1434 1017 1551 1075 nobilem
1574 1019 1662 1077 subito
1685 1020 1783 1078 luerint

137 1107 587 1179 sermocinationemimpendamus
598 1123 608 1162 r
621 1106 677 1162 iuno
704 1119 769 1162 rere
796 1121 830 1162 ne
852 1105 934 1162 bodie
985 1101 1140 1176 dignitatem
1154 1106 1250 1163 evecti.
1265 1108 1350 1165 Porro
1363 1110 1430 1166 nibil
1444 1110 1526 1169 luisse
1545 1113 1675 1172 illustrius
1701 1115 1803 1172 Panlo'

137 1200 242 1273 quidem
262 1200 413 1272 poterimus
424 1198 502 1255 robis
515 1197 649 1254 involutas
661 1196 766 1268 exiguis
783 1198 844 1252 istis
856 1196 932 1253 roei·

137 1295 186 1350 bus
198 1293 333 1366 explicare
342 1293 501 1356 sententias,
511 1293 560 1349 sed
575 1292 602 1348 in
616 1292 734 1348 alterurn
752 1293 824 1348 diem
839 1305 932 1348 reser-

136 1402 199 1444 vare
211 1385 288 1444 robis
298 1401 413 1446 became
424 1395 466 1443 est
474 1385 729 1459 contemplationum
741 1385 860 1455 copiam
873 1399 933 1456 cquae

135 1501 169 1541 ex
181 1484 261 1556 hujus
278 1485 382 1555 exigua
395 1483 563 1540 salutationis
585 1481 802 1538 consideratione
821 1495 935 1537 nascen-

136 1587 189 1634 tur.
200 1577 374 1650 Nequeeuim
384 1585 466 1632 muru
477 1575 549 1631 illam
570 1589 697 1631 enarrare
706 1574 797 1640 statui,
811 1573 859 1630 sed
873 1587 934 1643 par·

136 1671 261 1744 tenacius
273 1681 303 1728 et
316 1671 421 1726 initium
437 1679 519 1740 atque
530 1667 670 1725 exordium
681 1675 785 1724 tantum
797 1684 806 1720 ι
817 1664 936 1722 suune

136 1763 286 1820 Priscillam
299 1773 324 1819 at
340 1762 469 1834 Aquilam.

172 1853 935 1926 &Qucinlmcaulatatiuueratttrortaideroadsllpificeut

137 1949 362 2022 pauperesculstut
370 1947 719 2019 Parim-Primoquidem
727 1946 801 2002 Pauli
809 1945 934 2002 virtutem

137 2044 421 2113 admiremoroportet,
429 2041 500 2115 qnod
510 2055 573 2098 cum
581 2042 617 2098 illi
627 2042 708 2098 totius
715 2041 789 2098 orbis
801 2049 934 2097 terrarum

137 2131 937 2203 essetcuraeommissa,etterram,mare,eunctasqueeirita·

138 2240 245 2301 tesqua
254 2228 379 2286 subtele
385 2227 661 2295 armtebarmrnset
673 2225 793 2290 Graecos,
801 2233 829 2282 et
839 2234 880 2282 tot
889 2239 936 2296 po-

57 2306 65 2324 ’
139 2319 936 2394 prrlosseeumcircumlerremdeoderimunodequcuna

141 2414 396 2471 mulierc'snllicitus
407 2421 499 2482 esset3
528 2412 647 2470 mentido
668 2411 720 2469 boc
743 2413 808 2470 item
833 2413 935 2470 mitan-

140 2505 305 2577 dum,quam
314 2505 433 2578 vigilanti
443 2521 476 2562 ac
484 2505 603 2562 sollicito
614 2515 686 2564 esset
696 2507 786 2563 animo
795 2505 935 2578 proditus,

140 2599 186 2669 qui
199 2598 382 2656 nonomnium
401 2599 480 2656 simul
492 2606 604 2666 uotum,
620 2599 669 2656 sed
692 2608 722 2656 et
744 2599 866 2670 primdm
879 2599 937 2655 sin·

142 2690 264 2761 gulosum
278 2705 312 2747 ex
320 2691 413 2762 probis
424 2699 452 2747 et
463 2691 568 2748 eximiis
582 2691 780 2748 recordaretur.
790 2690 851 2748 lanu
864 2690 937 2746 enim

142 2783 467 2855 ornantessmtesiarnn
490 2784 516 2841 id
540 2798 622 2856 agere
645 2783 713 2840 nibil
737 2797 805 2841 sane
827 2783 937 2852 mirum,

140 2894 204 2934 cum
231 2887 258 2935 et
272 2877 405 2946 tumultus
421 2877 459 2933 illi
480 2878 564 2934 sedati
588 2879 652 2948 sint,
676 2886 704 2936 ct
726 2878 806 2935 unlus
824 2877 938 2934 civitatis

140 2979 244 3028 tantum
257 2985 350 3028 curam
362 2971 529 3042 messuerint
544 2989 552 3026 e
566 2980 623 3029 turn
643 2987 709 3028 vero
727 2987 781 3028 nott
805 2970 941 3046 periculo·

140 3081 201 3122 rum
214 3074 317 3122 tantum
327 3064 491 3136 magnitudo,
514 3065 564 3122 sed
585 3075 614 3123 et
637 3065 742 3122 itineris
755 3064 937 3136 intercapedo,

141 3169 170 3216 et
189 3158 334 3217 multitudo
353 3173 489 3227 curamur,
512 3168 539 3216 et
550 3160 669 3216 continui
683 3158 791 3226 ductus,
814 3158 940 3231 quodque

138 3267 193 3308 non
207 3266 316 3324 semper
335 3252 407 3324 apud
420 3267 517 3309 omnes
540 3253 647 3310 anione
671 3263 832 3318 momreurr,
859 3262 940 3324 atque

137 3345 192 3400 alia
215 3348 291 3414 ptura
312 3353 436 3415 poterant
457 3345 538 3402 ctiam
565 3344 643 3402 ratde
668 3359 746 3402 euros
772 3345 939 3402 ememorin

139 3445 278 3493 excutere.
307 3435 497 3494 Verumtamen
516 3436 567 3494 bos
597 3453 651 3495 non
670 3444 855 3494 excusserunt.
880 3437 941 3506 Qro

140 3527 251 3584 tandem
266 3536 345 3598 pacto
362 3543 417 3586 nou
429 3529 535 3587 excussi
553 3529 636 3587 eunti
653 3528 785 3587 obtanti
800 3529 939 3600 maginard-

139 3621 266 3696 mitatem
279 3635 312 3678 ac
332 3621 463 3679 fervidam
484 3623 672 3695 sinceramque
684 3623 767 3694 ipsius
790 3624 938 3680 caritatem.

137 3712 190 3772 Sic
201 3714 273 3771 enim
282 3716 365 3772 menti
379 3717 439 3787 ejus
460 3710 637 3787 inherebant,
651 3729 681 3773 ut
691 3727 719 3775 et
741 3717 768 3774 in
780 3717 866 3774 literis
878 3732 939 3772 rre-

136 3807 220 3864 bram
232 3822 326 3864 corum
339 3807 432 3864 lecerit
453 3809 627 3866 metationem.
643 3809 696 3867 Sed
716 3809 855 3866 rideamus
880 3811 940 3881 qni·

72 3944 78 3956 .
137 3899 255 3957 neuuilit
268 3900 414 3973 qualesque
427 3899 535 3980 undem
554 3911 656 3969 essent,
681 3903 726 3973 qui
741 3902 853 3958 Paulnm
873 3901 941 3957 adeo

138 3994 399 4066 sibimanciparant,
424 4005 452 4052 et
469 3997 502 4053 ad
517 4012 635 4054 amorem
664 4012 743 4054 suum
765 3998 939 4068 pellexerunt.

113 4083 214 4140 ,Νιιιιι
230 4084 344 4142 lortasse
365 4088 487 4145 eonsules
509 4090 589 4161 aliqui
614 4089 657 4146 uel
684 4090 803 4160 magistri
826 4090 940 4146 militum

131 4183 224 4233 emunt
233 4185 263 4231 et
275 4177 404 4247 praelecti,
418 4179 462 4236 rel
475 4181 501 4237 iu
512 4181 600 4252 aliqua
613 4180 711 4237 illustri
725 4180 854 4253 dignitate
873 4197 940 4238 eon·

139 4266 242 4332 stituti,
265 4266 307 4324 rel
325 4269 420 4340 opibus
442 4271 667 4339 circamanentes,
695 4271 793 4342 quique
807 4272 942 4331 ciuitatem

139 4361 289 4433 regerent?
300 4361 371 4418 Nitril
385 4363 439 4422 tale
458 4373 546 4436 potest
560 4363 661 4433 aliern,
679 4364 727 4421 sed
747 4365 942 4437 planccontra·

138 4452 233 4521 riurn,
258 4469 390 4526 pauperes
414 4464 442 4512 ct
467 4455 555 4528 egem,
581 4457 681 4529 quique
708 4473 790 4528 opere
814 4475 942 4518 mannum

138 4546 245 4600 uictum
257 4555 419 4617 quererent.
433 4547 517 4604 Erant
527 4549 611 4616 euim,
622 4549 718 4622 inquit,
741 4551 943 4610 scenofactoria

139 4639 300 4710 artis(Ast.
328 4641 371 4698 18.
387 4640 441 4713 bl:
455 4657 543 4714 neque
566 4643 676 4700 Paulum
701 4644 826 4714 pudebat,
856 4661 944 4716 neque

139 4733 342 4804 augustissimae
354 4735 456 4793 dotati
468 4736 621 4809 populoque
632 4737 774 4803 magnilica
785 4737 819 4794 de
832 4753 862 4794 se
881 4753 944 4794 sen-

139 4824 222 4880 tienti
237 4825 545 4896 probrocssedueebat,
569 4827 592 4882 si
616 4826 727 4898 opiilces
749 4827 811 4886 illos
833 4829 943 4886 salutari

133 4915 259 4988 juberet,
282 4933 371 4990 neque
388 4919 562 4992 ignominiam
589 4919 642 4976 illis
665 4919 775 4976 caudari
803 4935 836 4977 ex
850 4935 899 4978 sua
915 4920 942 4977 in

137 5009 208 5064 illos
219 5011 336 5068 amicitia
346 5015 457 5084 putabat
470 5033 478 5069 t
493 5016 532 5072 sie
543 5029 640 5072 omnes
652 5024 708 5072 tum
728 5017 857 5088 temporis
879 5033 943 5074 eru-

137 5099 253 5168 dierat,
277 5111 307 5158 nt
331 5104 365 5161 de
386 5120 417 5162 sc
436 5107 558 5166 modeste
584 5108 776 5182 moderateque
802 5110 943 5169 sentirent.

138 5192 227 5263 Atqui
242 5208 292 5248 nos
303 5209 375 5268 saepe
385 5197 407 5254 si
422 5201 584 5274 propinquos
597 5203 676 5273 paulo
686 5203 815 5259 tenuioris
829 5201 944 5260 lortunae

138 5284 314 5352 tondeamus,
337 5288 372 5344 ab
398 5289 506 5346 illorum
539 5291 720 5350 lamiliaritate
747 5293 943 5364 abhorremus,

136 5377 278 5451 nrrbisqne
291 5380 391 5451 probro
404 5379 541 5451 ducimus,
571 5385 593 5441 si
620 5383 726 5456 qnando
751 5386 859 5443 illorum
881 5403 945 5458 pro·

985 1197 1029 1254 rel
1042 1197 1169 1267 nobilius,
1184 1201 1232 1258 sed
1244 1203 1310 1276 ipsis
1328 1219 1390 1261 curn
1411 1206 1518 1278 regibus
1530 1205 1612 1265 luisse
1629 1209 1782 1282 clariorem,

985 1291 1083 1360 cuivis,
1097 1302 1140 1348 sat
1153 1295 1220 1362 seio,
1245 1295 1415 1354 manifestum
1440 1308 1493 1355 est.
1517 1299 1583 1357 Nam
1597 1301 1642 1373 qui
1656 1301 1785 1359 damoni-

986 1379 1038 1438 bus
1050 1381 1209 1455 imperabat,
1220 1388 1265 1459 qui
1280 1399 1402 1446 mortuos
1412 1391 1568 1459 suscitabat,
1581 1395 1626 1466 qni
1640 1394 1697 1450 solo
1707 1394 1785 1467 iussu

986 1489 1123 1534 excomm
1135 1487 1241 1550 poterat
1254 1488 1283 1537 et
1294 1495 1382 1538 caeos
1402 1498 1508 1551 sanare,
1522 1484 1598 1556 eujus
1610 1496 1698 1544 uestes
1711 1503 1785 1546 mor·

986 1569 1082 1629 borum
1102 1587 1188 1644 genrrs
1209 1589 1289 1632 omne
1307 1573 1488 1650 depellebant,
1502 1577 1572 1635 baud
1586 1579 1705 1648 dubium,
1720 1582 1785 1656 quin

987 1684 1041 1725 non
1055 1669 1110 1741 jam
1123 1670 1215 1739 bomo,
1227 1670 1274 1730 sed
1287 1664 1398 1747 angelus
1412 1674 1447 1733 de
1472 1677 1540 1733 emlo
1553 1675 1678 1750 delapsus
1689 1693 1785 1737 cense-

986 1770 1071 1820 solur.

1023 1853 1154 1912 Nobilitas
1167 1857 1237 1914 aude
1248 1870 1377 1914 noscatur.
1391 1859 1451 1916 lion
1463 1869 1500 1918 ert
1514 1862 1708 1936 vituperandam
1727 1881 1786 1919 mu·

988 1949 1145 2006 trimoniunr.
1164 1979 1202 1992 -
1222 1951 1412 2010 Verumtamen
1435 1953 1498 2010 lieet
1527 1955 1554 2010 in
1590 1955 1786 2014 existimatione

987 2047 1062 2097 tanta
1073 2051 1155 2107 esset,
1173 2050 1202 2098 et
1215 2041 1313 2114 ubique
1325 2043 1506 2112 admirationi,
1521 2054 1550 2101 et
1563 2045 1590 2101 in
1604 2061 1788 2118 quascumque

988 2147 1018 2189 se
1031 2147 1094 2190 oras
1106 2133 1254 2203 eunlerret,
1271 2149 1365 2193 omnes
1376 2138 1407 2190 nd
1425 2151 1455 2194 se
1468 2148 1647 2208 converteret,
1662 2141 1788 2198 taberna·

988 2228 1111 2283 culorum
1137 2227 1260 2298 optocen
1290 2245 1344 2285 non
1366 2229 1561 2299 crubescebat,
1584 2248 1635 2289 nee
1658 2233 1787 2292 honorem

988 2331 1081 2374 corum
1098 2317 1218 2374 imminui
1238 2317 1378 2387 censebat,
1402 2321 1489 2392 quiin
1511 2322 1686 2392 dignitatibus
1707 2327 1788 2384 tantis

988 2419 1066 2467 erant
1086 2425 1119 2467 ae
1144 2411 1344 2483 magistratibus
1368 2416 1517 2471 constituti.
1533 2416 1688 2475 Verisimile
1709 2435 1786 2476 narn-

988 2517 1043 2574 qne
1051 2511 1093 2558 est
1101 2503 1198 2558 multos
1206 2502 1233 2559 in
1245 2503 1362 2561 Ecclesia
1374 2503 1456 2562 misse
1467 2505 1647 2563 Romanomm
1659 2508 1787 2578 illustres,

990 2607 1058 2666 quus
1071 2593 1183 2668 cogebat
1196 2610 1326 2669 pauperes
1338 2597 1397 2653 illos
1412 2598 1540 2656 salutare.
1553 2599 1669 2658 Noverat
1678 2603 1787 2674 quippe,

989 2688 1198 2760 noreratprobe
1210 2705 1264 2746 oon
1284 2705 1365 2760 opum
1385 2691 1569 2763 splendorem,
1595 2709 1683 2768 neque
1707 2710 1788 2768 pecu·

991 2781 1094 2837 niarrrrn
1108 2781 1284 2849 affluentiam,
1306 2783 1354 2842 sed
1382 2801 1487 2843 morum
1510 2787 1669 2846 modestiam
1694 2804 1790 2862 parere

991 2874 1157 2931 nobilitatem
1183 2875 1271 2933 solere
1286 2877 1393 2950 :itaque
1423 2879 1461 2936 illi
1475 2879 1521 2950 qui
1534 2879 1585 2937 hac
1601 2882 1697 2952 privati
1710 2892 1789 2953 erunt,

990 2965 1039 3023 sed
1059 2965 1190 3038 maiorum
1216 2967 1338 3024 claritate
1367 2969 1542 3041 superbiunt,
1566 2975 1675 3031 nominc
1700 2975 1790 3046 potius

991 3057 1138 3114 nobilitatis
1152 3059 1234 3121 nudo.
1256 3073 1309 3115 non
1324 3075 1354 3116 re
1369 3061 1425 3132 ipsa
1447 3062 1615 3133 gloriantur:
1635 3063 1689 3122 imo
1702 3067 1790 3138 ipsum

992 3164 1089 3206 nomen
1104 3149 1262 3222 plerumque
1272 3141 1448 3216 snblrabitur,
1460 3154 1481 3210 si
1500 3155 1561 3226 quis
1573 3155 1608 3214 ad
1625 3158 1791 3230 antiquiores

991 3240 1122 3298 nobilium
1138 3241 1250 3298 istorum
1270 3243 1385 3314 majores
1399 3245 1563 3303 ascenderit.
1579 3247 1647 3304 liam
1669 3265 1731 3307 eum
1745 3251 1794 3322 qrrl

991 3332 1083 3389 claros
1094 3342 1122 3389 et
1144 3331 1256 3390 illustris
1269 3341 1321 3404 est,
1335 3349 1366 3391 ac
1381 3333 1497 3393 nobilem
1518 3351 1731 3400 commemorare
1741 3359 1793 3420 pag

993 3434 1061 3482 trem
1075 3435 1102 3481 et
1117 3441 1196 3483 arum
1218 3435 1325 3498 potest,
1344 3427 1367 3484 si
1382 3429 1532 3486 accuratius
1545 3433 1693 3502 examines,
1708 3437 1790 3494 vilem

992 3517 1146 3588 quempiam
1166 3527 1194 3574 ct
1216 3517 1360 3575 obscurum
1386 3534 1514 3591 proauum
1530 3521 1656 3583 babuisse
1670 3543 1791 3603 persaepe

991 3609 1143 3680 comperias
1156 3625 1164 3666 r
1176 3611 1399 3682 quemadmodum
1414 3621 1442 3671 et
1454 3631 1546 3672 eorum
1564 3619 1609 3689 qul
1624 3627 1717 3678 tenues
1729 3635 1791 3682 esse

993 3699 1130 3767 uidentur,
1152 3701 1175 3756 si
1199 3711 1284 3759 totum
1309 3719 1394 3774 gertus
1417 3707 1547 3779 paulatim
1568 3725 1675 3767 sursum
1698 3729 1791 3773 remus

993 3793 1163 3850 ascendendo
1179 3798 1405 3869 pervestigamus,
1432 3800 1574 3872 praelectus
1601 3813 1625 3858 ut
1650 3807 1790 3877 rinagistrns

994 3885 1191 3956 militensem
1206 3885 1333 3946 habuisse
1354 3890 1470 3961 majores
1482 3895 1658 3963 inveniemus,
1674 3901 1719 3969 qui
1734 3910 1792 3956 tarr·

994 3977 1056 4035 dem
1071 3980 1097 4034 in
1112 3979 1293 4050 equisoneset
1313 3981 1439 4042 subulcos
1452 3986 1574 4043 conuersi
1599 3987 1707 4047 luerint.
1727 3991 1792 4061 Quas

994 4087 1056 4129 oum
1069 4073 1206 4143 explorata
1218 4073 1303 4130 Paulo
1317 4085 1407 4132 essunt
1423 4077 1522 4146 omnia,
1537 4093 1589 4135 non
1605 4097 1728 4155 magnato
1744 4083 1793 4142 lto·

995 4181 1054 4222 rum
1073 4167 1205 4222 rationem
1219 4165 1347 4236 habebat,
1369 4169 1417 4226 sed
1432 4171 1529 4226 animae
1543 4173 1707 4232 nobilitatem
1717 4192 1793 4249 qum·

994 4260 1080 4327 rebot,
1094 4275 1125 4316 ae
1139 4270 1262 4328 eeteros,
1274 4269 1303 4317 ut
1314 4261 1382 4317 liano
1394 4263 1500 4334 plurimi
1520 4263 1653 4336 lacerent,
1675 4269 1792 4327 instruc·

995 4345 1060 4412 bat.'
1079 4353 1146 4411 ilino
1172 4354 1252 4427 igitur
1273 4369 1326 4412 non
1357 4355 1520 4414 mediocrum
1542 4357 1650 4416 interim
1675 4360 1795 4420 lructurn

996 4448 1175 4522 percipimus,
1202 4458 1231 4505 ut
1253 4448 1354 4506 vilioris
1375 4449 1488 4506 fortunas
1507 4448 1646 4508 ltorninum
1672 4469 1722 4512 nos
1742 4456 1794 4512 mi·

996 4544 1068 4600 nime
1081 4543 1189 4616 pudeat,
1215 4550 1245 4600 ut
1269 4545 1366 4600 anima
1394 4543 1520 4600 virtutem
1544 4545 1739 4619 disquiramus,
1764 4557 1795 4606 ut

995 4646 1106 4694 externa
1122 4635 1320 4708 omniaquibus
1341 4634 1459 4692 ditamur
1479 4639 1612 4710 superllua
1639 4647 1666 4697 et
1689 4640 1794 4696 inutilia

996 4743 1164 4785 censeamus.

1033 4823 1060 4878 b.
1076 4820 1154 4877 blind
1169 4835 1274 4892 qnoque
1294 4821 1396 4876 lnernrn
1421 4837 1561 4893 possumus
1587 4823 1638 4881 lroc
1657 4823 1793 4882 nibilomi-

997 4931 1048 4972 nus
1078 4915 1141 4971 bine
1161 4915 1317 4986 decerpere,
1341 4913 1413 4986 quud
1436 4916 1458 4972 si
1473 4917 1524 4972 rite
1540 4925 1700 4989 peractuma
1716 4916 1794 4974 nubit

997 5009 1087 5074 luerit,
1100 5010 1181 5065 uitam
1196 5007 1315 5065 maxime
1328 4997 1446 5067 nostram
1462 5019 1561 5066 tuetur.
1577 5009 1715 5078 Quodnam
1730 5005 1794 5066 illud

998 5103 1106 5160 undem
1126 5103 1185 5159 est?
1208 5100 1241 5159 Ut
1265 5117 1299 5159 ne
1325 5102 1477 5174 coniugium
1494 5102 1686 5174 vituperemus,
1706 5117 1794 5174 neque

998 5195 1076 5253 nobis
1088 5193 1253 5252 obstaculum
1266 5203 1294 5250 et
1315 5194 1536 5266 impedimentum
1557 5209 1617 5250 csse
1635 5195 1795 5254 arbitrentur

997 5289 1025 5344 in
1051 5289 1103 5355 via,
1130 5303 1188 5359 quas
1216 5286 1249 5343 ud
1270 5275 1395 5344 virtutem
1415 5287 1532 5352 deducit,
1547 5301 1658 5344 uxorem
1673 5287 1795 5356 habere,

998 5381 1069 5439 illios
1083 5382 1209 5448 educare,
1231 5379 1321 5438 dortrui
1336 5396 1462 5454 praesse,
1482 5387 1566 5437 artem
1579 5378 1711 5437 mctbare.
1724 5379 1796 5440 see·

137 5469 239 5542 pinqui
253 5471 504 5543 deprehendamur3
517 5474 616 5532 mutos
627 5490 692 5531 uero
714 5491 767 5531 non
781 5477 828 5544 ita,
842 5477 889 5534 sed
913 5493 945 5535 ea
998 5475 1043 5532 lule
1058 5491 1164 5548 quoqne
1181 5477 1222 5532 nir
1236 5488 1294 5533 erat
1308 5483 1336 5534 et
1360 5474 1466 5542 muilier,
1481 5482 1509 5530 et
1521 5462 1802 5562 cilicinis'praerant,

136 5576 175 5618 rc
197 5577 305 5636 qnoque
324 5565 470 5638 gloriatur,
499 5584 550 5626 nee
573 5568 727 5626 bominibus
745 5579 849 5628 tantum
875 5573 946 5630 illins
999 5578 1027 5628 et
1040 5582 1124 5628 artem
1143 5571 1307 5640 lectitabant,
1323 5579 1351 5626 et
1374 5568 1562 5640 perlectiorem
1576 5568 1661 5632 multo
1675 5569 1795 5639 probita-

137 5656 243 5725 aetatis,
258 5659 305 5715 sed
320 5658 402 5717 etiam
423 5661 790 5734 omnibusposteriscnrarit
814 5673 844 5721 ut
865 5665 943 5722 inno·
999 5673 1053 5721 tem
1080 5669 1190 5722 morum·
1208 5663 1380 5730 exhibebant,
1400 5676 1479 5732 quarn
1508 5660 1552 5734 qui
1579 5660 1605 5717 in
1628 5663 1797 5722 monasteriis
1824 5679 1828 5686 ·

138 5757 271 5820 tesseres,
299 5753 371 5816 inter
391 5753 477 5827 ipsius
497 5756 600 5813 amicos
623 5755 685 5814 illos
711 5755 943 5816 tabernaculorum
998 5757 1108 5830 degunt.
1134 5757 1211 5814 Unde
1234 5756 1260 5812 id
1283 5753 1404 5810 contemti
1426 5751 1467 5810 lix
1490 5753 1623 5811 iisverbis
1639 5753 1796 5826 qnibuseos

136 5841 256 5912 olim
272 5846 375 5917 numm
386 5846 480 5907 luisse.
499 5847 595 5923 Neque
613 5851 678 5908 mibi
697 5854 837 5926 quisquam
859 5852 942 5923 dicat,
998 5849 1098 5912 Panlm
1110 5844 1263 5922 altoquitui,
1282 5847 1324 5904 ml
1338 5845 1426 5918 potius
1446 5863 1499 5906 non
1514 5861 1547 5904 ex
1574 5845 1606 5903 iis
1628 5845 1726 5919 quium
1742 5855 1797 5902 ¹eos
