4142 6342
232 362 281 424 ill

180 497 191 524 r
231 493 259 540 et
272 457 298 540 in
314 477 366 536 hoo
383 482 412 532 et
430 440 547 529 inomni
571 479 619 520 nos
636 461 706 516 hono
726 451 858 526 perlectos
882 449 973 512 iaciat,
997 453 1027 498 ut

230 589 339 631 onmem
359 564 469 640 justitia
490 563 605 620 lructum
627 549 780 625 assequnti,
801 545 929 602 cautorum
946 553 1046 621 regno

232 667 305 741 digni
319 676 497 726 censeamur,
515 652 599 728 gratia
613 659 640 706 et
654 643 817 730 benignitate
830 635 935 694 Domini
945 629 1029 688 nostri

593 349 621 404 S.
640 335 780 402 tondale
796 323 1037 392 ctttttsostottt
1056 321 1215 382 taeniae.
1235 301 1502 374 construimur.

1827 309 1882 373 m

1083 439 1146 496 iesu
1166 435 1281 502 Christi,
1306 447 1355 503 per
1373 443 1454 501 quem
1468 437 1496 485 et
1509 439 1570 484 oum
1583 410 1820 497 melantiam
1839 426 1895 487 si·,

1085 532 1195 603 mulque
1207 535 1301 584 sancto
1311 522 1434 596 Spiritui,
1448 521 1475 578 iu
1489 517 1588 576 meula
1598 517 1768 584 maturato.
1780 517 1878 596 hmpn.

897 739 1878 778 ...-.--—-----—---·-·-·

229 771 896 816 ‚dd—‘ff

224 895 311 966 4ῑΛῦβ
332 889 443 952 Fotidi!
463 883 519 942 Qut
539 878 616 928 POST
637 872 737 920 claust
758 870 800 934 pl)
830 855 1019 910 AUDlEliDUbl

313 991 392 1048 rarat
413 983 538 1044 hamas
560 973 712 1040 esurires
728 961 922 1030 apapruaau
944 958 986 1038 ur
1007 947 1099 1014 paura
1119 940 1290 998 cossurus,

1045 841 1228 913 millium,
1260 840 1303 884 tm
1337 834 1514 884 lffl'lfflffl
1546 833 1652 882 mbr
1683 829 1878 889 Rullum,

1313 941 1354 984 ΕΤ
1374 940 1417 987 Di}
1440 934 1582 984 varartbo
1595 933 1797 980 «ΙΠΜΙΕΜῸ.

942 1077 1153 1148 ‹wmm

214 1281 215 1288 ¹
557 1239 665 1305 adamat
685 1245 711 1298 a.

268 1350 295 1410 Ι.
314 1341 442 1408 Gaudeo,
460 1345 488 1396 et
511 1328 630 1410 gratulor
645 1319 769 1383 omnihus
783 1311 860 1371 robis
872 1351 881 1378 ,
894 1303 966 1384 quod
980 1299 1028 1357 ad-

231 1439 407 1506 monitionem
424 1440 543 1490 nostram
558 1465 565 1494 ,
582 1433 660 1494 quam
675 1428 723 1488 pro
733 1425 786 1467 non
807 1399 988 1478 jejunantibus
1002 1399 1030 1449 et

231 1539 375 1606 propterea
395 1519 550 1585 absentibus
565 1525 649 1584 nuper
662 1505 729 1569 ieci,
746 1518 775 1558 re
793 1490 965 1572 praestitistis.
979 1488 1030 1542 hr-

227 1617 399 1690 'hitroreuiru
414 1612 512 1669 multos
528 1608 581 1678 jam
594 1609 706 1672 pransos
718 1589 799 1648 hodie
815 1585 908 1641 adesse
926 1587 952 1636 et
972 1575 1031 1647 pul·
1048 1570 1052 1578 '

232 1712 411 1780 carantam
426 1706 502 1774 uobis
522 1698 634 1775 implere
645 1691 801 1764 concionem
814 1699 821 1738 :
835 1689 863 1738 et
880 1677 933 1734 hoc
943 1669 1030 1740 conji-

233 1811 277 1868 cio
298 1821 351 1870 eo,
367 1798 438 1874 quod
462 1794 578 1870 amplius
599 1787 675 1846 nohis
696 1782 828 1839 theatrum
844 1772 941 1828 lactum
956 1767 991 1822 sit
1004 1770 1032 1819 et

169 1902 179 1922 ⁸
232 1903 320 1975 major
333 1899 500 1961 audientium
514 1880 740 1951 mensunusum
754 1879 862 1938 irustra,
873 1877 902 1924 ut
915 1864 1030 1927 ridetur,

214 1997 335 2056 ,auritos
356 1994 390 2050 de
414 1991 480 2062 ipsis
502 1994 641 2058 sermones
661 1987 747 2048 nuper
770 1963 967 2040 impendimus,
982 1970 1032 2011 re·

234 2099 319 2148 atram
333 2083 507 2153 exhortantes
528 2075 685 2139 caritatem,
703 2067 776 2138 ipsos
797 2058 831 2114 ad
851 2063 964 2112 matrem
979 2061 1033 2106 tra-

234 2181 318 2246 here,
333 2179 404 2238 eriis
417 2172 580 2248 persuadere
599 2163 671 2240 quod
690 2161 770 2220 liceat
783 2165 811 2220 et
832 2158 892 2223 post
911 2142 1033 2218 corporis

234 2274 430 2334 nutrimentum
464 2263 610 2339 spiritualis
642 2270 712 2316 escae
742 2244 945 2329 participatione
978 2250 1032 2309 non

234 2366 366 2442 fraudari,
380 2361 492 2435 Quando
506 2373 588 2424 raro,
611 2364 719 2426 queso,
734 2357 783 2409 aas
794 2383 801 2408 ,
813 2337 920 2401 dilecti,
937 2331 1033 2390 melius

235 2459 359 2519 lesistist
375 2472 409 2514 au
425 2451 559 2526 proterite
574 2443 689 2521 spirari,
709 2432 816 2510 quando
835 2436 897 2506 post
914 2436 1032 2484 ntensam

236 2555 272 2612 ad
284 2564 409 2611 somnum
423 2539 661 2617 opurorteipamioi,
676 2549 710 2590 au
722 2541 796 2602 pune
809 2537 869 2592 cnm
884 2525 944 2590 post
958 2529 1033 2586 meu·
1077 2559 1079 2564 .

235 2661 296 2714 sam
309 2644 343 2702 ad
355 2643 458 2701 dininas
473 2641 546 2712 leges
566 2627 714 2696 audiendas
727 2612 909 2682 coarenistisl
927 2604 1034 2688 quaudo
1056 2609 1061 2617 ·

236 2742 267 2800 ha
289 2739 348 2796 loro
369 2727 627 2793 commeminerint.
644 2730 672 2789 et
692 2715 866 2788 pohsessuum
890 2702 956 2766 nihil
972 2697 1035 2768 honi

236 2833 394 2895 habentium
419 2827 562 2902 participes
588 2820 688 2884 aratis,
705 2827 739 2867 au
762 2817 833 2864 outre
849 2795 955 2872 quando
973 2805 1034 2864 cum

236 2925 368 2985 iratribus
381 2921 480 2978 restris
492 2913 569 2974 statis
589 2921 617 2973 st
638 2906 809 2979 propheticos
829 2912 967 2965 serrnones
989 2910 1036 2959 au-

238 3017 319 3076 ditisl
329 3014 387 3072 lion
401 3020 442 3068 sat
455 3005 601 3082 ignominia
611 2997 770 3066 comedere,
785 2995 894 3060 dilecti,
905 2990 952 3062 scd
963 3002 1037 3046 surn-

238 3118 287 3185 pto
300 3109 362 3167 oihc
373 3105 446 3162 domi
457 3097 636 3160 remertere'et
653 3095 703 3156 bac
713 3104 790 3150 sacra
802 3083 971 3147 solemnitate
983 3079 1039 3152 pri-,

239 3205 311 3262 rara
323 3199 400 3262 Domi
409 3197 481 3254 enim
491 3204 603 3252 maneas
620 3185 731 3246 otiosior
743 3181 833 3250 eriset
847 3175 972 3250 segnior:
985 3171 1039 3240 hnc

240 3305 331 3354 autem
344 3292 474 3356 rerrisur,
489 3297 596 3342 omnem
616 3291 740 3340 soronam
759 3281 787 3335 et
801 3281 936 3344 torporem
956 3278 1040 3322 excu-

240 3390 310 3454 ties,
329 3401 380 3443 nec
395 3391 529 3453 torporem
551 3388 616 3433 uero
638 3378 759 3433 tantum,
782 3363 828 3422 sed
852 3370 879 3420 et
905 3357 1039 3424 tristitiam

241 3497 350 3542 omnem
365 3478 520 3548 deponens,
535 3467 640 3527 laciiior
654 3472 681 3522 et
701 3460 788 3526 laetior
808 3457 835 3512 in
848 3451 971 3522 omnihus
985 3448 1040 3506 eris

241 3574 359 3638 casibus.
374 3571 408 3626 lit
421 3565 484 3639 quid
503 3576 569 3635 opus
588 3566 629 3616 est
650 3555 727 3628 plura
743 3546 851 3610 dicere?
865 3545 912 3603 Sta
937 3548 1039 3597 tantum

241 3681 328 3743 prope
352 3656 535 3736 jejunantem,
561 3663 589 3711 cr
612 3649 695 3724 ipsius
721 3644 810 3705 statim
834 3637 927 3695 odoris
951 3629 1042 3690 suari·

242 3771 326 3818 tatem
340 3755 451 3814 senties.
472 3749 539 3806 Nam
551 3746 596 3818 qui
608 3743 728 3816 ieiunat,
752 3739 916 3804 unguentum
929 3733 971 3784 est
984 3722 1041 3794 spi-

242 3850 358 3915 rituale,
373 3856 401 3904 et
422 3859 470 3917 per
487 3841 580 3898 oculos
592 3845 619 3894 et
632 3850 680 3906 per
701 3832 817 3900 linguam
835 3834 863 3880 et
886 3836 933 3892 per
952 3817 1042 3890 omnia

242 3945 343 4005 bonam
367 3940 463 3996 animae
481 3931 685 4005 dispositionem
706 3919 847 3978 exhibens.
860 3913 924 3979 ilaec
940 3925 991 3966 uon
1013 3915 1043 3968 ut

152 4089 156 4096 .
243 4049 360 4114 pransos
374 4045 498 4090 accusem
515 4026 589 4092 diri,
604 4021 652 4078 sed
664 4027 693 4076 ut
706 4013 798 4089 ieiunii
812 4011 915 4069 lucrum
927 4004 1042 4061 demon·

245 4142 341 4196 atram.
748 4156 752 4161 ,

285 4217 509 4282 Praetutianum
523 4213 569 4268 liei
590 4206 680 4265 ordire
693 4217 768 4274 qoam
777 4198 907 4271 jejunare.
921 4219 957 4232 -
967 4186 1056 4260 lein--

247 4323 324 4381 nium
341 4329 407 4372 rero
428 4326 481 4368 uon
497 4309 618 4364 ciborum
632 4285 823 4356 abstinentiam
845 4297 948 4358 tantum
963 4284 1042 4356 dico,

248 4412 297 4472 aed
311 4399 514 4480 etpeocatornm
529 4397 616 4466 lugam
628 4389 712 4460 magia
726 4399 805 4457 quam
815 4381 905 4445 iliam:
920 4377 1045 4450 quoniam

249 4515 278 4566 et
293 4501 506 4564 convivatus,et
526 4493 579 4546 hnc
597 4499 657 4543 cum
680 4476 811 4538 modestia
826 4471 962 4544 proiectus
982 4480 1047 4521 eon·

249 4575 334 4674 grue,
349 4609 402 4650 non
416 4588 502 4647 mrrlto
514 4600 528 4640 a
540 4581 678 4654 jejunante
697 4569 813 4629 vincitur
826 4583 834 4622 a
849 4564 917 4628 sicut
929 4555 1046 4618 vicissim

248 4689 375 4768 jejunans
393 4697 444 4740 nee
458 4695 518 4737 cnm
540 4673 630 4731 studio
646 4677 673 4725 et
684 4660 821 4735 diligentia
836 4658 868 4716 iis
881 4669 941 4726 qua
952 4651 1047 4725 dicun-

250 4769 297 4856 tur
314 4777 469 4852 attendens,
489 4770 556 4827 nihil
569 4781 601 4824 ex
616 4764 668 4819 hoe
675 4758 780 4833 jejunio
793 4764 919 4833 magnum
933 4741 1049 4819 irrcmhi·

251 4887 306 4936 tur.
327 4869 477 4929 comedens
499 4863 571 4920 enim
592 4866 619 4916 et
640 4850 778 4912 concionis
805 4852 905 4905 saneta
931 4850 1049 4910 onngrno

253 4953 344 5030 studio
358 4961 513 5039 participem
528 4969 558 5011 se
573 4952 683 5016 laciens,
695 4943 760 5001 nihii
779 4936 936 5001 comedente
956 4940 983 4988 ct
1002 4929 1050 4998 ab·

254 5045 332 5130 sente
345 5045 430 5114 multo
444 5051 538 5107 ruclior
552 5055 593 5102 est
608 5061 613 5096 :
629 5037 766 5097 nonenim
783 5039 885 5094 tautum
900 5039 949 5082 tros
964 5019 1051 5094 inedia

255 5137 383 5227 adjurare
406 5144 520 5222 poterit,
536 5145 663 5212 quantum
677 5130 786 5205 prodest
799 5136 826 5184 et
839 5124 938 5182 honum
952 5113 1050 5178 attan,

255 5243 388 5326 spirituali
404 5237 551 5308 disciplinae
566 5233 706 5287 iuteresse.
721 5221 835 5280 Ubinam
860 5215 917 5273 haec
941 5205 1049 5271 audies,

255 5296 1053 5427 mmmmmmmmmwmm

256 5444 285 5490 et
300 5445 393 5512 pugnae
408 5445 415 5482 ε
431 5425 453 5482 si
469 5420 617 5480 incuriam,
631 5411 747 5470 ciuilium
761 5419 850 5462 rerum
869 5413 951 5456 cura:
967 5393 990 5448 si
1003 5389 1053 5446 do·

282 5595 286 5602 ἁ
304 5511 308 5522 ’
552 5505 700 5568 sollicitudo
723 5498 839 5567 undique
852 5489 967 5560 aflligit:
990 5484 1011 5538 si
1027 5482 1054 5536 in

256 5622 310 5684 lori
323 5599 508 5677 conventicula
523 5615 550 5663 et
561 5611 721 5658 consessus.
738 5589 827 5645 omnia
842 5584 895 5642 illio
907 5590 1013 5639 terrena
1027 5581 1056 5632 et

190 5699 196 5708 ⁸
217 5785 222 5792 ,
259 5709 444 5784 corruptibilia
457 5719 468 5760 τ
480 5699 525 5758 rel
539 5697 609 5754 euim
623 5683 818 5748 dorsualibus,
832 5676 874 5732 rcl
886 5674 919 5728 de
932 5666 1055 5735 tributis,

259 5811 305 5868 rel
318 5809 353 5863 de
364 5806 435 5860 lauta
448 5809 560 5858 mensa,
576 5791 618 5847 rel
635 5787 669 5842 ds
681 5792 805 5854 agrorum
825 5767 996 5832 venditione,
1012 5759 1058 5818 rel

261 5902 300 5974 tle
313 5899 372 5958 aliis
385 5889 583 5953 contractibus,
599 5882 641 5938 rel
655 5879 689 5935 de
703 5867 886 5940 testamentis,
904 5861 947 5916 rel
961 5857 995 5913 de
1007 5856 1056 5911 he-

1084 1195 1260 1264 reditatibus,
1274 1195 1316 1250 rel
1330 1195 1364 1250 de
1382 1191 1441 1250 aliis
1454 1191 1551 1248 talibas
1569 1206 1586 1247 a
1604 1189 1708 1246 eunctis
1727 1203 1761 1244 eo
1781 1201 1882 1245 conre-

1083 1290 1218 1348 nieutihus
1235 1304 1375 1347 sermones
1392 1287 1535 1345 hahentur.
1549 1285 1582 1341 lit
1596 1285 1618 1340 si
1633 1285 1660 1341 in
1674 1285 1758 1354 ipsam
1775 1282 1882 1338 veneria

1084 1385 1202 1457 regiam,
1216 1391 1242 1440 ct
1256 1384 1310 1440 illic
1324 1397 1431 1440 rursum
1445 1394 1541 1438 omnes
1552 1378 1718 1435 disserentes
1734 1377 1827 1433 audies
1847 1372 1882 1432 de

1084 1477 1216 1548 pecuniis,
1231 1472 1406 1546 deponentia,
1420 1472 1455 1528 de
1468 1471 1552 1543 gloria
1562 1512 1569 1538 ,
1580 1485 1642 1541 quae
1654 1469 1698 1524 hic
1715 1467 1880 1534 honoratur,

1085 1570 1223 1642 spirituale
1236 1583 1300 1624 aero
1312 1567 1378 1625 nihil
1393 1583 1401 1621 ε
1419 1566 1463 1621 hic
1477 1567 1541 1621 rero
1555 1561 1718 1620 eontrarium
1732 1570 1833 1626 totum,
1847 1557 1883 1616 de

1085 1666 1119 1722 iis
1131 1680 1191 1737 quae
1204 1665 1230 1719 iu
1244 1663 1310 1719 caelo
1321 1669 1384 1718 sunt
1396 1659 1486 1725 rebus,
1502 1656 1536 1713 de
1550 1656 1649 1724 anima,
1663 1654 1697 1710 de
1708 1653 1762 1710 rita
1780 1633 1880 1719 nostra,
1892 1664 1899 1684 ··

1086 1769 1114 1843 et
1132 1772 1215 1830 quare
1227 1755 1289 1812 lacti
1311 1769 1417 1820 sumus,
1434 1761 1461 1808 et
1473 1767 1556 1824 quare
1578 1749 1622 1806 bic
1636 1757 1738 1804 tantum
1754 1745 1883 1818 temporis

1086 1865 1293 1916 commoramur,
1303 1847 1373 1905 etad
1383 1861 1445 1918 quaa
1459 1844 1523 1901 hinc
1537 1843 1692 1917 migramus,
1706 1839 1808 1913 etquid
1822 1847 1883 1912 post

1086 1945 1145 2002 hec
1159 1957 1209 2013 nos
1223 1940 1371 2012 suscipiet,
1387 1947 1415 1994 et
1428 1951 1508 2009 quam
1522 1934 1558 1992 oh
1568 1947 1677 1991 oausam
1697 1931 1775 1989 uobis
1786 1945 1884 2004 corpus

1086 2046 1129 2094 est
1143 2037 1242 2093 luteum
1255 2077 1263 2103 ,
1278 2042 1305 2093 et
1318 2048 1378 2106 quae
1390 2033 1484 2088 mertis
1501 2038 1614 2097 natura,
1635 2026 1699 2099 quid
1720 2025 1827 2082 taudem
1841 2031 1885 2082 est

1087 2127 1272 2218 praesensum
1284 2135 1312 2183 et
1323 2141 1384 2197 quae
1395 2122 1482 2178 lutura
1498 2140 1505 2177 ε
1525 2120 1592 2176 nibil
1605 2132 1712 2191 prorsus
1726 2126 1883 2184 terrenum,

1086 2223 1135 2280 sed
1148 2236 1243 2278 omnes
1254 2219 1290 2276 de
1302 2215 1485 2290 spiritualibus
1495 2213 1633 2270 sermones
1644 2211 1721 2268 nohis
1732 2211 1882 2277 hahentur3
1954 2219 1957 2222 ’

1088 2327 1115 2372 et
1139 2329 1233 2385 magna
1251 2313 1345 2369 salutis
1366 2319 1465 2366 nostrae
1485 2308 1580 2364 viatica
1597 2303 1750 2380 capientes,
1764 2304 1827 2360 hiric
1847 2301 1884 2358 ita

1088 2423 1149 2464 cum
1163 2407 1234 2462 bona
1248 2420 1297 2476 spe
1310 2402 1493 2475 migrabimus.

1124 2501 1152 2557 2.
1169 2500 1300 2571 Quoniam
1312 2499 1392 2569 igitur
1407 2509 1460 2550 non
1476 2502 1576 2550 temere
1588 2489 1691 2547 semina
1701 2487 1825 2559 lecimus,
1836 2484 1885 2542 sed

1088 2593 1159 2648 sicut
1172 2606 1220 2647 ros
1240 2589 1396 2645 exhortatus
1407 2583 1521 2649 lucram,
1536 2580 1688 2652 omnesqui
1700 2595 1734 2636 ex
1748 2577 1824 2634 robis
1834 2577 1885 2633 de·

1088 2685 1227 2749 lacerant,
1241 2681 1331 2740 renati
1345 2681 1410 2738 estis
1425 2698 1432 2736 ι
1447 2694 1496 2751 age
1509 2684 1538 2735 et
1557 2690 1607 2732 nos
1625 2673 1700 2731 robis
1713 2673 1826 2746 gratiam
1839 2685 1887 2729 re·

1089 2779 1238 2853 pendamus
1252 2785 1280 2834 et
1293 2791 1377 2850 pauca
1398 2772 1476 2831 robis
1498 2771 1573 2843 prius
1586 2769 1718 2826 dictorum
1732 2765 1760 2822 in
1780 2777 1886 2821 memo·

1089 2873 1157 2928 riam
1188 2869 1365 2936 revocantes,
1385 2861 1488 2934 reliqua
1508 2875 1614 2934 quoque
1639 2857 1794 2915 reddamus.
1820 2855 1888 2924 Quor

1089 2965 1170 3037 igitur
1182 2963 1256 3055 prius
1272 2967 1334 3017 snut
1347 2957 1418 3014 dicta
1426 2957 1440 3012 l
1449 2955 1641 3024 Querehamus
1652 2952 1765 3024 qualiter
1777 2958 1805 3007 et
1818 2965 1887 3022 quo-

1090 3057 1173 3116 modo
1194 3067 1258 3112 ante
1277 3055 1476 3131 scripturarum
1499 3049 1599 3106 donum
1623 3050 1667 3104 res
1689 3052 1794 3118 nostras
1815 3041 1888 3099 Deus

1091 3149 1242 3238 disposuit:
1256 3153 1283 3203 et
1294 3144 1465 3210 dicebamus,
1484 3139 1554 3214 quod
1568 3146 1775 3210 permeatorem
1788 3133 1889 3191 docue-

1091 3247 1128 3325 rit
1148 3257 1234 3316 genus
1250 3251 1390 3304 nostrum,
1407 3237 1502 3293 eaelum
1522 3220 1670 3291 extendens
1683 3240 1710 3287 et
1723 3229 1751 3284 in
1770 3225 1890 3284 modium

1091 3351 1265 3432 proponens,
1281 3333 1428 3391 maximum
1448 3329 1545 3386 librum
1560 3325 1650 3383 idiotis
1662 3332 1690 3380 et
1703 3319 1888 3395 sapientibus,

1092 3428 1254 3509 pauperihus
1267 3433 1296 3503 et
1308 3424 1445 3491 divitibus,
1457 3418 1565 3494 Scythis
1576 3425 1605 3474 et
1616 3414 1748 3485 barbaris,
1763 3419 1791 3468 et
1802 3410 1889 3492 omni·

1093 3523 1145 3579 hus
1156 3519 1319 3594 generaliter
1330 3524 1431 3572 terram
1447 3507 1628 3568 habitantibus
1642 3506 1754 3570 utilem,
1768 3499 1889 3559 librum¹

1092 3617 1178 3675 multo
1209 3614 1340 3686 majorem
1364 3621 1455 3666 eorum
1481 3605 1527 3676 qui
1554 3602 1685 3658 docentur
1709 3593 1887 3652 multitudiue

1093 3709 1175 3790 linita
1192 3707 1272 3763 etiam
1291 3703 1325 3760 de
1338 3711 1416 3766 nocte
1429 3706 1456 3755 et
1469 3696 1528 3762 die,
1542 3703 1570 3750 et
1581 3694 1676 3763 horum
1688 3688 1799 3752 ordine,
1814 3691 1842 3741 et
1855 3683 1890 3740 ds

1093 3800 1280 3859 corrrenientia
1301 3795 1335 3852 ab
1348 3794 1412 3866 ipsis
1423 3807 1484 3849 cum
1499 3785 1634 3859 diligentia
1647 3787 1751 3839 serrata
1763 3776 1892 3834 disserui·

1094 3909 1174 3961 mus:
1190 3892 1272 3949 multa
1286 3898 1313 3947 et
1327 3889 1361 3944 de
1374 3892 1561 3955 tempestatum
1575 3878 1639 3934 anui
1648 3887 1771 3940 numero,
1782 3884 1891 3928 earnm·

1095 4003 1148 4062 que
1169 3984 1331 4063 aequalitate.
1352 3979 1427 4036 Sicut
1451 3975 1524 4032 euim
1544 3971 1602 4028 dies
1628 3975 1708 4024 nocte
1727 3979 1763 4020 ue
1781 3957 1893 4018 dimidia

1096 4079 1204 4154 quidem
1220 4078 1285 4133 hora
1308 4073 1368 4145 plus
1390 4069 1471 4126 hahet
1493 4081 1542 4137 per
1563 4071 1649 4118 totum
1668 4069 1768 4131 annum
1780 4095 1788 4123 ,
1802 4053 1842 4109 sic
1865 4058 1894 4106 et

1097 4173 1140 4249 baa
1160 4173 1230 4227 iuter
1248 4184 1278 4225 se
1292 4182 1325 4222 er
1344 4176 1422 4236 aequo
1440 4159 1500 4216 dies
1518 4169 1613 4211 omnes
1634 4147 1828 4207 distribuerunt
1842 4160 1851 4198 r
1865 4150 1895 4198 et

1097 4264 1168 4340 quod
1190 4263 1265 4337 prius
1287 4259 1429 4325 dicebam,
1455 4267 1510 4310 aon
1536 4243 1689 4320 magnitudo
1712 4249 1841 4297 creature
1865 4243 1895 4290 ea

1098 4351 1270 4431 pulchritudo
1295 4358 1397 4406 tantum
1423 4351 1572 4399 creatorem
1598 4330 1779 4396 demonstrat,
1794 4325 1843 4384 sed
1866 4332 1895 4382 et

1098 4451 1156 4524 ipse
1168 4441 1409 4519 coagmentatiouis
1422 4436 1536 4501 modus,
1552 4440 1580 4487 et
1601 4427 1671 4502 quod
1684 4438 1765 4496 super
1783 4429 1896 4477 natura·

1098 4549 1152 4605 lem
1175 4535 1394 4612 consequentiam
1422 4531 1457 4588 sit
1484 4525 1580 4583 modus
1605 4517 1760 4588 creationis.
1780 4511 1895 4568 'Naturae

1100 4650 1197 4714 nempe
1209 4625 1398 4703 consequentia
1413 4630 1480 4684 erat,
1493 4629 1588 4689 aquam
1601 4625 1683 4683 super
1696 4617 1793 4664 terram
1808 4599 1872 4658 lerri
1885 4616 1894 4654 ς

1100 4746 1172 4803 punc
1198 4741 1262 4782 rero
1283 4717 1447 4777 contrarium
1472 4712 1612 4774 ridemus,
1638 4711 1737 4760 terram
1762 4696 1797 4753 ab
1820 4692 1897 4764 aquia

1101 4825 1177 4899 lcrri.
1190 4821 1297 4878 aarum
1315 4818 1373 4870 emt
1392 4803 1593 4877 consequentia,
1609 4799 1696 4870 ignem
1711 4793 1745 4849 ad
1757 4784 1897 4860 superiora

1102 4930 1210 4977 currere
1225 4933 1232 4967 :
1246 4921 1318 4965 nnuc
1348 4917 1412 4959 rero
1439 4895 1602 4954 contrarium
1625 4886 1763 4949 ridemus,
1786 4876 1899 4935 inlerius
1937 4921 1941 4928 .

1102 5025 1203 5081 terram
1216 5021 1310 5071 rersus
1322 5012 1467 5061 corrrersos
1481 4993 1547 5050 solis
1563 4987 1667 5051 radios,
1683 4990 1711 5039 et
1721 4992 1804 5052 aquas
1816 4979 1898 5046 super

1104 5110 1185 5168 celos
1203 5117 1279 5168 csse,
1292 5080 1320 5154 et
1330 5080 1388 5151 ‘non
1400 5087 1521 5166 consumi
1536 5102 1544 5152 ;
1567 5081 1652 5140 solem
1676 5077 1769 5133 subtus
1787 5083 1901 5126 curren·

1105 5212 1159 5260 tem
1178 5211 1230 5254 oon
1251 5185 1385 5259 exstingui
1398 5183 1433 5240 ab
1454 5179 1541 5251 aquis,
1556 5188 1607 5232 uec
1627 5165 1813 5226 humimtateru
1826 5157 1901 5215 illam

1105 5295 1258 5353 absumere.
1274 5281 1314 5339 Ad
1339 5278 1397 5335 hace
1419 5271 1556 5336 diximus,
1572 5281 1608 5322 ex
1625 5269 1737 5334 quatuor
1759 5249 1903 5312 elementis

1106 5387 1158 5444 hoc
1171 5389 1255 5440 totum
1269 5373 1417 5433 consistere
1436 5368 1505 5422 inter
1523 5377 1553 5418 se
1565 5354 1706 5415 contrariis
1719 5360 1747 5406 et
1759 5341 1903 5420 pugnanti·

1106 5483 1156 5538 bus
1168 5519 1176 5546 ‚
1190 5484 1217 5533 et
1237 5474 1350 5530 alterum
1363 5467 1476 5522 alterum
1491 5471 1545 5513 nou
1559 5459 1735 5510 consumere,
1748 5441 1813 5497 licet
1832 5437 1903 5494 alte·

1107 5589 1168 5632 rnm
1183 5571 1216 5624 ah
1229 5567 1314 5622 altero
1328 5567 1421 5616 natura
1436 5568 1485 5610 sua
1497 5543 1617 5606 consumi

1109 5665 1247 5728 nilestum,
1261 5653 1332 5732 quod
1346 5653 1431 5712 rirtus
1443 5643 1564 5718 quaedam
1584 5631 1725 5693 invisibilis
1745 5627 1804 5682 haee
1826 5619 1905 5678 cohi·

1143 5857 1151 5887 ¹
1165 5859 1263 5908 vacem,
1274 5841 1373 5898 tiorum
1382 5826 1620 5892 hleluterposnimaa
1628 5811 1742 5869 saraiam
1751 5795 1841 5860 serul-
