4142 6342
236 416 290 476 tet
431 416 462 474 s.
475 413 570 487 torn.
591 402 782 471 unnrsost.
802 396 962 469 unomen.
982 389 1251 466 maslmnnon.
1272 406 1317 463 nn
1335 404 1365 465 s.
1379 404 1503 463 nunno.
1519 403 1634 464 noum.
1650 404 1682 461 n.
1829 398 1883 465 stt

234 532 318 589 deret
331 539 425 589 terum
433 530 458 588 11
469 528 604 589 senserint
615 542 659 599 ea,
674 541 734 600 qum
750 528 777 585 in
792 525 864 585 banc
877 519 1031 599 celebritate
1085 522 1160 591 dunt,
1175 538 1228 597 quo
1241 530 1364 596 spectatu
1378 520 1451 595 digni
1466 516 1626 580 rideantnrl
1640 510 1705 579 lllos
1720 514 1810 597 itaque
1823 512 1883 581 iuri·

235 624 421 693 admittuntur,
432 634 530 697 magna
545 620 653 679 laudum
666 630 741 693 parte
753 618 914 678 carebimus.
925 612 993 676 liam
1008 618 1032 675 si
1086 623 1175 675 temur
1188 635 1196 673 z
1209 626 1237 675 et
1250 633 1299 675 nos
1318 618 1416 692 quippe
1429 614 1620 693 Imperatorem
1637 606 1811 689 leodunum
1832 620 1884 677 lm-

236 714 305 783 bauc,
325 722 468 787 quorun
489 715 627 781 contenit,
641 709 785 769 multitudo
808 710 921 768 slccnnt
940 707 1031 766 debito
1085 714 1256 783 peratorem,
1270 710 1388 783 inquam,
1404 726 1458 767 non
1476 706 1642 783 sensibilem,
1656 720 1710 769 nott
1725 703 1883 781 terrenum,

234 808 332 867 ordina
339 804 460 877 aoeedtt,
472 807 501 866 ld
518 819 616 880 magno
628 806 708 864 nobit
726 804 780 863 erlt
793 810 971 873 ornamento,
989 799 1031 860 sin
1085 800 1133 861 ted
1149 803 1304 876 angelornm
1318 802 1472 861 bominum.
1485 791 1530 862 Sic
1542 819 1607 877 ergo
1622 812 1709 864 etnos
1727 813 1803 863 recto
1822 820 1884 861 eunt

235 914 298 959 euru
316 899 431 975 equitia
449 916 484 959 ac
505 899 676 974 negligentia,
696 898 824 973 probrum
847 890 1032 954 ttoblseritac
1085 896 1180 955 ordine
1192 896 1385 970 ingrediamur,
1401 907 1451 956 uos
1465 905 1558 954 mutuo
1567 892 1750 965 cohortantes,
1763 902 1793 953 ut
1803 897 1884 954 modo

234 994 405 1067 vituperium.
1085 982 1192 1064 'rituque
1211 984 1317 1049 decenti
1341 986 1564 1067 progrediamur,
1585 996 1614 1054 ut
1635 1005 1690 1048 non
1712 980 1884 1065 multitudine

270 1088 298 1144 1.
317 1085 408 1145 llam
420 1085 578 1162 ttrrtgrttm
589 1086 697 1144 debdut.
710 1076 799 1157 -··ilt
817 1083 896 1160 igitur
909 1084 1033 1143 caritatis
1086 1090 1200 1151 tantum,
1213 1077 1353 1141 sedetiam
1364 1089 1461 1140 ornatu
1478 1087 1643 1156 spectatores
1659 1090 1769 1156 stupore
1780 1081 1883 1139 albeta·

235 1190 334 1237 restrae
346 1178 497 1253 Maeotin
508 1177 616 1253 gloriari
630 1180 784 1255 possimus,
797 1187 858 1236 tum
868 1178 962 1237 eadem
974 1194 1033 1237 mo
1086 1189 1157 1233 mus.
1170 1175 1227 1234 lrno
1240 1191 1305 1235 tero
1317 1172 1368 1235 etsi
1385 1192 1465 1236 nemo
1477 1175 1585 1235 adesset
1602 1170 1686 1245 alius,
1701 1158 1749 1238 sed
1768 1174 1819 1232 soli
1832 1174 1884 1233 iter

219 1269 326 1348 ,denir
345 1271 457 1329 donottt
476 1272 655 1341 recedamus,
674 1287 727 1345 qna
746 1287 795 1344 par
808 1278 850 1328 est
868 1279 916 1328 eos
935 1271 1031 1342 abire,
1086 1261 1253 1340 laceremus,
1264 1286 1298 1328 ne
1312 1265 1469 1345 sicquidem
1485 1265 1610 1329 indecore
1623 1285 1761 1342 regerere
1775 1282 1884 1342 oporte·

236 1365 284 1438 (pti
297 1377 359 1425 enm
372 1365 423 1422 ltac
432 1374 554 1439 martyre
566 1372 762 1423 convenerunt.
777 1361 843 1421 Nam
863 1364 886 1420 si
903 1364 964 1437 quis
977 1378 1033 1420 non
1086 1355 1185 1429 ret‚'ob
1197 1364 1350 1437 pervigilem
1365 1362 1439 1419 illum
1456 1364 1562 1421 oculum
1579 1362 1676 1437 ubique
1688 1377 1846 1439 praesentem
1857 1376 1886 1426 et

238 1460 291 1515 boo
304 1458 358 1515 rittt
368 1455 498 1527 discedat,
510 1467 565 1514 nort
578 1456 666 1515 solnm
681 1454 746 1514 nibil
760 1454 922 1529 profecerit,
938 1459 1033 1513 rernm
1086 1454 1177 1513 omnla
1190 1444 1421 1514 ridentemllune
1430 1467 1495 1512 vcro
1504 1454 1673 1515 considerate
1686 1456 1787 1515 multos
1798 1457 1886 1517 bere

236 1550 476 1623 etiamperioulnm
484 1550 688 1607 siblmarlmum
696 1550 844 1607 attraxerit.
853 1548 916 1607 Scio
925 1548 1033 1624 quidem
1088 1544 1155 1607 ticos
1173 1564 1234 1607 esse
1252 1548 1330 1608 nobit
1350 1548 1517 1625 pemrirtos;
1532 1550 1577 1624 qul
1596 1549 1620 1607 si
1640 1566 1690 1609 nos
1713 1548 1829 1609 rideriut
1848 1553 1885 1610 ita

239 1651 290 1703 rot
301 1646 353 1703 boe
362 1645 458 1702 morbo
471 1654 524 1701 non
533 1645 669 1713 laborare,
684 1640 731 1701 sed
745 1644 772 1700 id
784 1659 837 1701 non
851 1640 885 1701 ad
897 1644 1033 1701 defensio·
1087 1638 1202 1698 choreas
1213 1650 1333 1714 agentes,
1348 1641 1478 1713 ridentes,
1493 1637 1649 1712 clamantes,
1666 1642 1765 1713 ebrios,
1781 1630 1909 1701 summe*

238 1748 301 1794 nem
314 1734 391 1793 tebit
409 1736 474 1792 ratls
483 1742 525 1794 ert
539 1754 550 1793 .-
571 1740 677 1808 oportet
697 1738 770 1794 enim
782 1736 862 1794 etiarn
877 1735 973 1795 iratres
985 1754 1034 1795 te·
1088 1746 1138 1788 nos
1151 1724 1311 1791 damnantes
1332 1732 1471 1792 recedent.
1487 1734 1563 1805 Quod
1578 1731 1602 1791 si
1617 1734 1659 1803 is,
1672 1734 1719 1809 qui
1732 1736 1773 1793 uel
1786 1738 1830 1793 uni
1843 1736 1886 1793 ol·

201 1821 205 1827 ⁴
237 1829 321 1896 ottob,
330 1828 376 1900 qul
386 1827 510 1886 indecore
519 1838 549 1885 ae
558 1837 665 1899 gerunt,
675 1826 708 1886 ad
722 1830 866 1887 maximnm
876 1828 1034 1888 modestiam
1088 1820 1223 1884 lendienlo
1232 1826 1324 1901 luerit,
1335 1826 1481 1887 ineuitabili
1495 1845 1574 1901 poenu
1585 1828 1734 1903 plectetur:
1748 1828 1833 1905 quiin
1847 1838 1887 1889 tot

238 1921 457 1979 etrddmetrtenr
469 1927 570 1979 ttrtnm
582 1922 719 1980 reducere.
734 1922 876 1981 lionomsti
888 1937 1035 1999 martyrem
1087 1914 1227 1980 boninum
1249 1915 1426 1981 offensionem
1448 1923 1627 1993 incurrimus,
1651 1924 1744 1997 quales
1764 1924 1886 1985 dabimus

188 1997 194 2012 ’
239 2014 567 2086 praeserrlia'llllttuetiam
578 2016 747 2089 propriorum
758 2016 939 2074 membrorum
947 2034 1035 2075 emen·
1089 2013 1205 2089 pmnesi
1225 2006 1278 2073 Sed
1297 2016 1385 2089 absit,
1406 2026 1436 2073 ut
1454 2026 1515 2091 post
1536 2025 1576 2075 tot
1596 2033 1734 2075 sermones
1754 2018 1887 2091 talemque

239 2106 348 2163 datione
362 2107 476 2163 bonore.
490 2106 518 2164 Si
531 2106 631 2164 rideris
644 2108 849 2164 immoderatum
864 2108 959 2177 risum,
973 2125 1035 2166 enr-
1088 2102 1303 2165 adhortationem
1323 2105 1456 2181 quispiam
1476 2110 1625 2183 reperiatur
1647 2125 1728 2182 snpra
1748 2110 1825 2169 dietis
1838 2111 1886 2168 ob·

239 2214 300 2256 cnm
312 2197 501 2267 indecentem,
521 2200 655 2259 lneetsnm
671 2181 840 2270 illiberallem,
856 2202 976 2260 habitum
991 2206 1034 2261 in·
1089 2198 1185 2259 noxius
1197 2198 1294 2273 culpis.
1306 2200 1373 2258 Nam
1383 2199 1407 2259 si
1422 2200 1537 2259 antebac
1549 2202 1615 2258 tales
1629 2216 1710 2259 ausus
1720 2203 1798 2259 uenia
1813 2202 1886 2275 digni

240 2292 382 2360 decorum,
399 2292 512 2361 recede,
526 2300 554 2349 et
567 2291 614 2350 tail
626 2292 736 2352 allectos
745 2295 826 2351 modo
841 2296 995 2354 terribiliter
1007 2304 1036 2354 et
1089 2286 1254 2365 nonerunt,
1272 2301 1338 2369 post
1353 2286 1506 2367 hujusmodi
1525 2294 1667 2350 consilium
1686 2303 1714 2351 et
1726 2294 1887 2367 increpatio-

240 2383 316 2441 (οπο
333 2382 449 2439 intuere.
470 2385 505 2439 ttt
525 2390 552 2440 te
571 2383 739 2455 despiciunt,
756 2376 892 2458 magisque
905 2386 1036 2444 irridenti
1089 2378 1151 2442 r'nem
1166 2383 1251 2442 multo
1270 2378 1447 2443 ineuitabilior
1462 2384 1514 2441 erit
1525 2400 1604 2459 pmna
1617 2393 1671 2441 tum
1690 2384 1741 2452 iis,
1762 2384 1808 2455 qui
1827 2384 1887 2441 haec

239 2475 323 2533 tium
337 2482 426 2533 mum
444 2475 514 2533 doct
526 2484 633 2544 tresue,
649 2486 696 2534 aut
713 2478 803 2551 plures
822 2479 937 2548 iratres,
954 2486 982 2536 ιιι
1000 2497 1036 2537 ex
1089 2470 1255 2551 perpetrant,
1266 2493 1344 2550 qoam
1359 2478 1402 2548 iis,
1416 2478 1461 2550 qui
1475 2476 1537 2534 talia
1550 2478 1708 2552 despiciunt.
1720 2477 1847 2549 Utigitur
1859 2488 1887 2535 et

241 2579 354 2653 numero
372 2570 468 2643 maiori
480 2571 508 2627 in
528 2572 700 2630 veneratione
721 2575 790 2631 sitis.
809 2570 886 2644 Quod
906 2574 929 2633 si
950 2594 984 2633 ne
998 2577 1035 2633 ita
1091 2576 1139 2629 eos
1149 2588 1164 2629 a
1176 2570 1307 2644 supplicio
1320 2560 1448 2638 liberetis,
1461 2586 1493 2629 ac
1507 2572 1583 2629 robis
1596 2572 1661 2643 ipsis
1671 2569 1799 2644 majorem
1812 2586 1887 2629 com·

240 2660 349 2733 qttident
359 2675 453 2718 eornm
464 2663 609 2720 amentiam
622 2665 762 2737 reprimas,
776 2680 824 2723 eos
836 2666 870 2722 ad
880 2667 1037 2726 sacerdotes
1091 2666 1191 2739 paretis
1208 2658 1359 2721 mercedem
1375 2706 1384 2735 ,
1405 2662 1519 2743 fratrum
1533 2674 1682 2723 vestrorum
1695 2680 1787 2723 curam
1802 2665 1886 2722 susci-

241 2755 357 2813 delcrat.
368 2755 456 2813 btrir
467 2766 580 2829 poasrnn
593 2757 631 2814 llli
644 2759 671 2815 in
687 2768 789 2816 tanturn
803 2761 975 2834 impudentia
988 2760 1038 2820 de-
1112 2758 1157 2827 ite,
1172 2771 1220 2813 eos
1232 2756 1266 2813 ad
1278 2755 1324 2813 illa
1331 2756 1480 2829 colligenda
1492 2764 1521 2813 et
1534 2756 1682 2814 enarranda
1697 2756 1817 2813 inducite
1833 2774 1841 2812 ι
1856 2766 1886 2815 ιιι

241 2847 354 2918 uenire,
369 2860 399 2906 ut
410 2848 539 2921 increpati
551 2859 579 2906 et
595 2850 689 2907 moniti
703 2867 756 2908 non
770 2859 895 2922 cessent,
910 2868 961 2911 nec
973 2869 1036 2911 ern·
1058 2868 1061 2875 ¹
1090 2772 1152 2915 inec
1163 2866 1210 2924 per
1224 2860 1307 2909 totam
1319 2852 1389 2908 riam
1405 2846 1579 2921 meditantes,
1593 2861 1673 2923 atque
1686 2851 1738 2920 iis,
1752 2851 1796 2923 qui
1811 2851 1885 2909 domi

241 2941 361 3007 mot,
374 2956 462 3012 neque
473 2942 508 2998 ab
519 2941 671 2999 inordinata
683 2949 711 3000 et
723 2943 825 3000 ludicra
838 2945 937 3002 eborea
950 2959 981 3002 se
994 2962 1039 3002 re·
1091 2944 1280 3003 remanserunt
1297 2960 1330 3002 uc
1344 2945 1430 3002 relicti
1449 2953 1533 3015 sunt,
1550 2939 1629 3017 lunius
1643 2959 1744 3001 mensae
1758 2943 1885 3015 reliquias

242 3034 359 3090 temam.
374 3031 403 3090 Sl
415 3035 457 3091 rel
469 3034 576 3102 decem,
589 3036 612 3092 ti
627 3036 669 3093 tel
684 3042 749 3103 tres,
765 3036 810 3094 uel
821 3034 884 3106 duo,
897 3038 940 3094 rel
954 3049 1040 3095 utrum
1092 3036 1245 3119 afferentes,
1257 3036 1425 3110 splendidum
1437 3045 1465 3095 et
1474 3036 1529 3095 illie
1539 3035 1689 3093 convivium
1702 3034 1833 3095 habentis.
1848 3034 1886 3093 lta

241 3124 360 3181 lucratus
373 3124 464 3193 lucris,
482 3140 599 3183 mercem
611 3128 723 3183 multam
740 3128 928 3200 reportaveris.
940 3128 1038 3201 llugna
1092 3132 1164 3189 enim
1179 3141 1206 3188 et
1219 3129 1298 3203 liujus
1316 3125 1376 3187 lusti
1392 3144 1502 3187 sensum
1522 3128 1669 3185 maximnm
1688 3129 1823 3201 capiemus
1836 3170 1844 3199 ,
1859 3138 1888 3187 et

243 3224 286 3273 est
299 3216 350 3271 vim
368 3214 525 3287 longitudo:
542 3217 593 3273 riae
610 3217 691 3291 igitur
704 3218 869 3290 longitndine
880 3220 913 3276 ad
930 3235 962 3277 ca
977 3237 1038 3291 quar
1091 3232 1212 3281 sanctam
1230 3234 1377 3296 martyrem
1392 3220 1426 3277 ad
1446 3218 1575 3293 majorem
1594 3220 1886 3295 beneuolentianrpro·

242 3306 312 3363 111111
323 3315 388 3364 ”nl
400 3306 550 3378 militensi!
564 3316 670 3364 1111111111
685 3322 693 3376 ;
711 3308 892 3367 odoramentis
910 3312 1038 3369 sitatibus!
1092 3318 1266 3383 vocabimus,
1279 3315 1427 3373 remilium
1442 3314 1546 3371 bettore
1559 3324 1751 3386 prosequentes
1767 3332 1774 3369 ι
1790 3314 1885 3383 maiori

242 3400 313 3456 riam
327 3398 488 3470 mplmnm.
503 3399 596 3473 ideque
608 3400 681 3457 enirn
695 3404 731 3457 ita
746 3410 839 3459 ornata
852 3403 893 3460 uia
906 3420 1038 3476 appame-
1092 3410 1192 3483 qnippe
1204 3408 1254 3481 ipsi
1270 3407 1399 3479 voluptati
1414 3408 1485 3477 erit,
1506 3408 1529 3464 si
1551 3406 1734 3478 spiritualibus
1756 3406 1887 3463 fructibus

243 3492 298 3558 rit,
312 3490 529 3549 emeramnus
542 3506 603 3551 earn
618 3494 728 3565 replens
739 3494 870 3569 quispiam
889 3499 964 3554 suari
981 3496 1037 3555 lra-
1093 3498 1157 3556 hinc
1168 3496 1257 3555 onusti
1271 3498 1436 3563 recedamus,
1447 3514 1526 3572 quum
1541 3499 1563 3555 si
1575 3498 1628 3555 lune
1641 3514 1701 3555 curn
1716 3499 1829 3573 tumultu
1842 3514 1889 3557 re·

242 3583 348 3655 gnatia
357 3596 448 3639 aerem
461 3583 616 3655 pertuderit,
632 3596 661 3641 ut
672 3586 783 3643 bonesta
797 3602 869 3643 nuno
878 3589 1035 3660 apparebit,
1092 3592 1198 3648 neritis.
1214 3588 1320 3648 Utinam
1331 3606 1395 3647 nero
1407 3599 1462 3647 tum
1475 3600 1574 3647 sanetm
1589 3590 1686 3663 buius,
1703 3598 1758 3648 tum
1771 3607 1886 3661 eorum,

243 3676 269 3731 t'r
278 3688 373 3732 etnrtcs
385 3684 515 3748 quotquot
529 3676 610 3734 bodie
620 3678 749 3749 perillam
762 3679 898 3750 incedunt,
911 3682 1039 3753 martyris
1092 3681 1139 3759 qui
1150 3680 1274 3741 similiter
1285 3692 1471 3751 certauerunt,
1488 3684 1622 3757 precibus,
1635 3695 1662 3742 et
1674 3685 1808 3743 lucrumst
1821 3686 1890 3742 alio·

243 3764 475 3823 certaminalnter
488 3777 669 3825 restaurantes
683 3768 792 3851 domum
805 3770 915 3827 redeant
925 3813 934 3840 ,
945 3771 1037 3843 lingna
1092 3794 1165 3847 rum,
1179 3792 1238 3851 quau
1251 3776 1323 3833 dicta
1337 3782 1409 3845 sunrt,
1424 3777 1580 3834 memoriam
1594 3777 1742 3845 retinentis,
1757 3786 1784 3835 et
1796 3776 1887 3849 operi-

243 3875 293 3916 ιιι
304 3860 403 3933 singuli
414 3872 464 3917 ceu
474 3861 612 3919 muributo
625 3872 739 3921 utentes.
755 3866 851 3923 Annon
863 3864 970 3943 ridetis,
984 3866 1039 3923 lm·
1092 3872 1144 3928 bus
1156 3870 1246 3928 omnia
1260 3868 1435 3937 eulribentes,
1455 3862 1483 3925 in
1503 3868 1628 3926 omnibus
1645 3868 1699 3927 beo
1711 3882 1819 3941 semper
1828 3869 1888 3941 pla·

147 3973 151 3981 -
242 3960 369 4023 peratore
388 3951 417 4009 ln
434 3954 528 4011 urbem
550 3954 736 4027 ingrediente,
755 3966 928 4035 quantocum
941 3956 1039 4014 ordine
1093 3960 1198 4035 costis,
1212 3959 1256 4019 cul
1269 3958 1354 4033 gloria
1365 3970 1393 4018 et
1407 3960 1546 4033 imperium
1560 3961 1587 4018 iu
1604 3962 1699 4019 secula
1715 3960 1886 4019 seculorum.

242 4042 343 4101 milites
353 4044 480 4115 utrinqne
492 4045 572 4118 positi
584 4046 679 4104 armati
692 4045 867 4119 gradiantur,
886 4050 956 4106 alter
968 4050 1037 4106 alte·
1094 4057 1190 4113 Arnen.

242 4152 303 4195 rum
318 4138 510 4208 colrormntes,
524 4150 555 4197 nt
571 4141 662 4228 quiete
677 4150 781 4199 etcum
794 4145 945 4200 reverentia
961 4144 1039 4200 ince-

1518 4271 1891 4299 ...-...........,

231 4344 307 4440 ι’
780 4356 1008 4425 nummu
1028 4360 1071 4425 m
1091 4360 1124 4425 s.
1148 4354 1369 4421 emturum.

279 4505 383 4587 mere
396 4506 503 4585 qtrldem
522 4510 628 4569 tlteatro
640 4513 734 4568 sancta
746 4508 822 4581 uirgo
836 4506 943 4582 Pelagla
956 4506 1037 4583 digna
1067 4528 1076 4536 ·
1096 4510 1179 4574 esset,
1189 4516 1243 4561 non
1255 4500 1320 4558 illud
1333 4498 1485 4573 praeviderit
1496 4514 1528 4557 ae
1537 4499 1693 4557 vaticinatus
1704 4498 1748 4569 sit,
1760 4506 1889 4571 qnantum

243 4615 338 4667 eant:
349 4612 447 4683 mgna
466 4606 538 4663 edim
556 4602 635 4677 lmlns
653 4600 751 4676 puellm
763 4600 909 4659 certamino
928 4602 1039 4659 exstite·
1094 4596 1231 4665 dedecus,
1245 4596 1340 4668 quotis
1352 4592 1408 4650 risu
1423 4592 1544 4665 dignum,
1558 4592 1690 4649 hodierno
1703 4590 1746 4649 die
1760 4606 1889 4663 passurus

244 4692 381 4770 rtttttfoit
396 4700 477 4773 teque
489 4699 668 4768 copiosiorem
683 4694 783 4751 tltemd
800 4692 975 4767 frequentiam
994 4710 1039 4752 re·
1094 4698 1177 4749 esset.
1201 4686 1270 4758 Quid
1289 4688 1361 4745 enim
1382 4686 1467 4759 magis
1487 4685 1627 4744 ridendum
1645 4684 1740 4758 aliquis
1759 4685 1889 4756 duceret,

243 4798 362 4870 parret.
376 4796 416 4853 dt
425 4794 492 4851 ιιιιι
503 4791 541 4848 1111
552 4799 640 4847 tumen
650 4785 832 4856 esthristos,
844 4786 890 4859 qui
902 4786 975 4846 solus
989 4794 1043 4858 pro·
1094 4798 1175 4859 quam
1189 4780 1259 4855 quod
1278 4778 1359 4867 bodie
1372 4794 1467 4853 passus
1484 4789 1527 4837 est
1544 4778 1686 4835 diabolos?
1698 4779 1743 4854 qui
1762 4778 1824 4835 licet
1836 4778 1891 4835 rir-

244 4892 319 4951 omttt
332 4896 494 4948 memento
505 4886 584 4959 buius
594 4884 705 4957 rlrginis
717 4880 873 4956 panegyrim
886 4896 919 4938 ac
931 4880 1040 4939 celebri·
1094 4876 1185 4949 giuem
1198 4874 1326 4933 irretitam
1339 4870 1458 4941 baberet,
1471 4886 1486 4927 n
1501 4870 1590 4944 prada
1605 4882 1692 4929 tamen
1707 4872 1763 4943 ipsu
1779 4868 1890 4939 excidit,

244 4985 577 5057 tatenlpreeenserornat
587 4985 656 5049 :quo
666 4974 738 5033 enlm
749 4976 808 5032 loco
818 4972 939 5032 Christus
950 4974 1037 5042 adest,
1094 4982 1124 5029 et
1138 4955 1252 5043 puellam
1265 5012 1273 5039 ,
1288 4982 1368 5041 quam
1388 4961 1566 5040 apprehendit
1577 4968 1695 5035 ,tenere
1715 4979 1767 5021 non
1781 4960 1890 5036 potnit,

244 5076 302 5135 illre
313 5076 435 5135 emnium
448 5073 604 5146 ungetornm
613 5070 713 5127 cltum
725 5076 823 5144 praeato
833 5075 885 5125 est.
899 5065 1041 5125 reomaus
1095 5065 1174 5139 qnasi
1187 5063 1328 5130 umbram,
1344 5060 1397 5119 non
1413 5060 1542 5133 virginem
1555 5100 1563 5127 ,
1577 5049 1808 5131 apprehendisset.
1822 5044 1890 5151 llur'n

245 5168 359 5243 quidem
375 5174 512 5240 martyres
530 5176 580 5222 sot
601 5166 715 5236 corpora
741 5160 904 5219 cntciatlbtts
928 5157 1040 5217 lortiota
1096 5170 1158 5215 eum
1180 5152 1224 5213 illa
1244 5154 1441 5226 simplicitatem
1455 5152 1586 5210 columba
1600 5168 1661 5207 cnm
1683 5150 1814 5223 serpentis
1830 5144 1893 5221 pru·

244 5252 449 5334 praettl'ttrmtt,
465 5257 503 5315 ob
518 5256 600 5330 idque
616 5266 742 5329 magnum
755 5252 889 5328 quoddam
905 5252 1041 5309 theatrum
1097 5245 1186 5309 dantia
1199 5249 1370 5322 conjunctam
1383 5246 1512 5315 baberet,
1529 5254 1557 5301 nt
1571 5244 1693 5301 columba
1708 5239 1816 5316 quidem
1828 5240 1893 5298 sim·

204 5347 206 5350 ’
247 5354 377 5412 adrerrtts
387 5350 524 5409 diabeitrm
536 5349 780 5422 alblperarerunt,
793 5356 854 5404 eum
868 5345 1044 5417 incorporeos·
1096 5341 1364 5417 plexcornprebensa
1379 5350 1421 5399 est
1434 5383 1442 5409 ,
1456 5338 1504 5397 sed
1520 5346 1548 5395 ιιι
1562 5324 1892 5411 prudensserpensdid‘u·

246 5446 358 5519 spiritur
374 5453 489 5519 empore
504 5444 565 5517 ipso
578 5440 786 5514 ‘superarerlnh
799 5448 826 5496 et
837 5446 946 5495 earnem
964 5444 1045 5494 suam·
1097 5436 1136 5509 git
1152 5436 1293 5509 :qnanrris
1313 5434 1385 5493 enim
1407 5440 1479 5491 esset
1496 5430 1709 5504 comprehensa,
1730 5424 1764 5487 de
1781 5428 1893 5486 uictoria

247 5553 309 5595 cam
328 5534 402 5595 lerro
422 5534 629 5594 contendentem
650 5532 758 5592 lortlter
777 5530 959 5590 exhibuerint.
974 5520 1044 5587 Com
1099 5540 1189 5588 tamen
1211 5544 1264 5586 non
1285 5526 1438 5599 desperarit
1460 5545 1468 5597 3
1488 5542 1577 5598 neque
1599 5523 1689 5582 anime
1708 5532 1754 5579 aut
1780 5514 1894 5581 consilio

248 5646 314 5690 uero
324 5631 405 5690 ettam
418 5628 521 5702 puellas
540 5626 703 5700 ipsarrideo
718 5622 887 5699 procbristo
910 5621 1045 5680 erueillro
1100 5632 1176 5695 capta
1196 5618 1266 5690 luit,
1289 5621 1353 5679 licet
1373 5634 1485 5693 corpore
1502 5618 1609 5676 detenta
1629 5619 1701 5676 esset
1715 5633 1722 5672 :
1736 5611 1784 5673 sed
1807 5623 1893 5676 artem

248 5722 318 5782 morl
331 5722 574 5796 gesemtes‚tnne
589 5720 689 5778 diaboli
704 5717 881 5778 temeritatem
900 5716 985 5788 mag's
1006 5716 1045 5771 ri·
1098 5713 1330 5788 qmmdamatque
1341 5712 1483 5770 consilium
1496 5711 1744 5783 excogitavit,·quo
1755 5718 1894 5777 eorum,a

250 5813 316 5883 deo,
327 5815 372 5886 qni
384 5826 447 5869 com
458 5811 588 5883 permulta
599 5810 761 5871 rodenandi
773 5809 832 5868 locu
844 5808 897 5866 ribi
909 5806 1045 5882 excogita·
1099 5808 1198 5881 quibus
1208 5806 1402 5879 comprehensa
1414 5804 1514 5874 inerat,
1528 5802 1707 5865 temeritatem
1719 5800 1850 5871 eluderet,
1866 5796 1901 5859 et'

249 5905 429 5977 *mmmm
448 5916 493 5963 res
508 5904 610 5961 laturas
622 5905 650 5962 lo
663 5903 717 5963 iltis
735 5904 802 5976 ipsit
818 5901 1045 5975 praenuntiaturos
1057 5970 1080 6039 ,ἲ
1099 5910 1148 5961 eos
1162 5908 1296 5973 tamquam
1320 5898 1440 5977 stupidos
1461 5886 1596 5957 redderet.
1621 5894 1674 5957 Sed
1695 5892 1820 5970 quidnam
1844 5886 1895 5952 lnce
