4142 6342
135 341 190 404 113
727 331 774 392 ntt
794 325 995 391 nutatione
1012 325 1179 388 noltttttttt.
1198 327 1233 390 il.
1736 329 1811 390 ist*

133 472 257 518 meuaam
271 468 416 530 apponam.
440 451 492 510 Vei
516 449 607 524 potius
628 445 656 506 id
674 448 766 520 agite,
782 446 854 519 quod
868 459 939 502 nuno
992 442 1087 515 siquis
1101 442 1192 501 audiat
1207 461 1214 498 :
1228 441 1341 500 multum
1354 457 1421 502 rcro
1437 445 1555 504 continet
1576 444 1790 516 tlemrmmi

134 553 233 610 dicam.
256 551 311 608 los
324 549 371 623 qui
383 561 530 620 numquam
549 542 650 616 expleri
666 541 797 615 potestis,
812 540 861 596 sed
874 553 939 596 esu·
991 540 1052 613 quis
1066 540 1209 614 diligenter
1221 541 1351 600 attertdat.
1363 540 1430 600 llam
1444 551 1472 601 et
1483 557 1593 600 auream
1606 551 1716 612 terram,
1728 556 1789 616 que

134 645 195 702 ritis
206 643 350 716 iustitium,
364 655 398 698 ae
408 639 500 708 sititis,
520 637 693 710 prolixosque
706 648 845 692 sermones
856 647 938 704 expe·
991 633 1021 690 in
1031 630 1132 689 iodinis
1146 633 1289 703 reperitur,
1303 632 1430 705 imperiti,
1445 643 1473 692 et
1485 633 1531 706 qui
1541 633 1706 706 negligenter
1715 635 1790 705 aspi.

134 739 213 806 titis,
233 744 344 809 propter
362 733 475 790 tranum
490 739 643 788 uestrorum
664 725 939 785 imbecillitatemali·
992 727 1081 794 ciunt,
1097 735 1196 783 terram
1207 725 1306 783 oudam
1315 727 1404 784 solum
1417 741 1478 785 esse
1491 734 1596 799 putant,
1614 727 1792 800 nequequid·
1811 765 1814 773 -

134 831 199 904 quid
211 831 290 897 sinite
307 829 342 886 do
363 836 491 886 consueta
509 826 644 884 sermonis
665 839 791 881 mensura
810 822 937 881 resecem
992 833 1073 891 quam
1097 818 1212 891 amplius
1234 817 1352 885 babere.
1377 833 1456 891 quam
1481 820 1561 878 oliam
1585 821 1707 892 quamvis
1722 839 1730 876 z
1746 820 1791 892 qul

134 923 241 980 Rursus
256 937 306 978 ros
319 921 365 994 qui
377 919 538 976 brevitatem
549 916 679 982 orationis
691 915 832 983 adamatis,
848 921 876 971 et
887 915 938 970 im·
993 926 1061 968 aero
1071 912 1136 969 artis
1148 911 1234 968 oeulis
1247 911 1319 968 illam
1334 911 1515 980 considerant,
1531 913 1608 970 istius
1622 923 1701 970 terre
1714 911 1792 968 uobi-

136 1013 291 1071 beeilliorcs
302 1013 379 1082 estis,
395 1009 608 1083 gratialratrum
622 1017 784 1074 vestrorum,
799 1005 845 1079 qui
857 1017 938 1063 ensa·
992 1004 1098 1062 litatem
1122 1013 1271 1074 noverunt,
1293 1013 1322 1062 ιι
1338 1004 1403 1062 dum
1422 1005 1495 1062 iilam
1510 1006 1643 1080 inignem
1666 1006 1791 1077 injectam

135 1107 219 1162 turari
232 1120 285 1163 nou
296 1101 688 1176 possunt,laboremeriguum
700 1099 826 1167 tolerate,
837 1107 937 1155 vestra·
992 1097 1124 1169 probant,
1148 1111 1255 1154 omnem
1269 1097 1340 1155 illius
1357 1097 1540 1169 prestantiam
1558 1097 1730 1170 patelaciaut.
1747 1096 1793 1154 Sic

135 1211 189 1269 que
203 1197 318 1254 invicem
333 1211 416 1254 onera
431 1204 556 1267 portate,
580 1201 661 1265 atque
674 1191 711 1248 ita
726 1190 829 1248 ebriati
849 1191 938 1260 legem
993 1187 1121 1246 nimirum
1143 1189 1170 1245 iu
1189 1187 1274 1246 sacris
1287 1185 1453 1262 scripturis,
1476 1189 1522 1260 qui
1542 1187 1689 1246 oscitanter
1700 1188 1793 1244 literas

136 1287 281 1361 adimplete
298 1287 370 1362 (Get.
390 1287 417 1344 ii.
434 1282 474 1359 Ξ).
501 1285 597 1342 Nonne
616 1283 713 1341 ridetis
735 1283 939 1356 Olympioomtm
993 1280 1104 1354 legunt,
1129 1282 1215 1340 nudas
1228 1298 1289 1342 esse
1304 1283 1395 1340 literas
1414 1281 1596 1351 arbitrantur,
1611 1297 1662 1340 neo
1678 1281 1794 1354 amplius

137 1381 262 1438 ludorum
287 1378 401 1436 atbletas
427 1377 454 1434 iu
479 1378 570 1436 medio
591 1384 695 1434 stantes
717 1373 824 1432 tbeatro
838 1373 939 1444 inipso
993 1374 1140 1446 quidquam
1164 1377 1191 1432 in
1206 1391 1236 1433 se
1256 1378 1395 1434 continere
1413 1391 1494 1449 quarn
1515 1383 1650 1434 ceteras:
1671 1377 1717 1448 qui
1729 1389 1795 1434 vero

136 1471 250 1530 meridie
264 1480 399 1544 amquam
414 1470 441 1526 iu
467 1468 576 1526 loruace
598 1469 625 1525 iu
642 1467 730 1524 stadio
746 1482 779 1522 ao
793 1465 865 1524 nodo
877 1479 937 1522 cor·
993 1465 1058 1524 lidei
1070 1464 1157 1525 oculis
1170 1467 1228 1528 illas
1238 1470 1420 1540 considerant,
1435 1469 1661 1544 quemadmodum
1676 1469 1794 1526 illiartis

137 1561 275 1636 poresolis
286 1562 377 1620 radios
391 1561 467 1636 quasi
482 1571 584 1620 statuas
592 1561 722 1634 quasdam
732 1575 828 1629 aereas,
836 1568 865 1617 et
876 1575 938 1618 cum
993 1559 1191 1630 instrumentis,
1207 1563 1315 1620 illorum
1328 1563 1514 1636 probationem
1524 1563 1579 1637 igni
1590 1561 1708 1635 spiritus
1721 1575 1795 1618 eom·
1890 1593 1893 1602 ·

67 1693 70 1699 ,
137 1657 214 1724 sole,
241 1655 370 1727 pulvere,
394 1663 515 1728 metuque
540 1668 679 1727 pugnare,
703 1662 733 1710 ot
755 1661 794 1710 tot
812 1652 941 1710 aerumma
993 1654 1144 1724 mittentes,
1159 1657 1467 1716 totomillaromaurum
1478 1657 1558 1716 lacile
1571 1665 1693 1715 cernent.
1717 1653 1796 1713 liudo

137 1755 264 1806 renatum
284 1755 364 1818 caput
382 1746 451 1802 lauri
471 1745 543 1805 loliis
561 1745 724 1804 coronetur?
750 1744 834 1803 Vobis
847 1753 940 1804 autem
994 1745 1078 1819 igitur
1094 1747 1251 1820 questionis
1273 1749 1378 1806 initium
1396 1755 1440 1807 eat
1458 1748 1586 1807 duetuml
1612 1747 1705 1820 licque
1723 1746 1795 1804 cuim

138 1854 194 1897 uon
208 1839 299 1895 laurea
319 1851 436 1905 corona,
460 1836 631 1909 sediustitiae
644 1853 743 1896 corona
757 1839 786 1895 in
798 1840 939 1909 posonium
994 1848 1099 1898 ιιιιιιι
1121 1841 1148 1898 in
1171 1841 1241 1898 bano
1262 1841 1482 1914 disceptationem
1504 1841 1664 1910 incidimus,
1687 1853 1723 1898 oc
1736 1837 1797 1910 quia

138 1929 282 1988 auditionis
305 1937 347 1988 ast
367 1929 525 2002 proposita,
550 1945 638 2004 neque
657 1929 692 1987 ad
716 1929 834 1987 medium
853 1945 941 2003 osque
995 1930 1192 2004 intempestivae
1211 1946 1262 1989 nos
1280 1933 1444 1990 curiositatis
1455 1930 1618 1990 condemnet
1631 1949 1639 1988 ι
1652 1929 1718 1996 sed,
1733 1941 1796 1986 com

138 2022 283 2080 meridiem
302 2037 352 2080 ros
371 2022 542 2090 detinemus,
557 2023 606 2080 sed
618 2024 653 2081 ab
662 2021 728 2095 ipsis
742 2023 810 2080 lueis
820 2023 940 2082 exordiis
995 2023 1145 2095 apostotiea
1165 2021 1243 2080 tobis
1257 2029 1317 2080 acta
1331 2021 1500 2094 legerentur,
1523 2021 1599 2078 Pauli
1613 2019 1741 2092 preclara
1754 2015 1796 2074 la·

139 2128 190 2173 ros
203 2115 362 2172 dimittimus
373 2123 483 2189 propter
491 2125 610 2183 vestram
624 2114 766 2188 ignaviam,
778 2115 940 2174 dumadime
995 2114 1088 2171 cinora
1102 2129 1213 2170 narrare
1226 2113 1418 2186 cupiebamus,
1437 2113 1547 2184 iamque
1567 2111 1688 2168 historiae
1701 2108 1797 2182 attigc-
1818 2135 1822 2142 ·

139 2215 245 2264 aerest
256 2205 377 2279 digitus,
390 2207 554 2279 nequedum
564 2205 701 2264 radiorum
711 2207 815 2264 crebris
822 2207 941 2279 jactibus
995 2219 1089 2261 murus
1115 2203 1276 2272 exordium,
1301 2213 1329 2262 et
1347 2205 1390 2260 iris
1400 2203 1491 2260 serbis
1507 2211 1667 2274 conceptum
1691 2199 1797 2256 initium

140 2298 354 2366 eouealciaotus3
381 2313 436 2355 nou
462 2299 552 2373 capite
573 2298 646 2358 oudo
666 2315 714 2357 vos
732 2298 859 2371 jubemus
873 2300 940 2357 solis
995 2297 1159 2356 narrationis
1184 2297 1336 2356 invenimus
1353 2317 1359 2355 :
1376 2297 1474 2356 Sorrina
1493 2306 1578 2354 autem
1592 2295 1676 2354 odiat
1695 2295 1798 2369 spirata

140 2397 235 2446 atum
248 2388 391 2464 excipere,
405 2389 454 2447 sed
467 2391 518 2446 sub
539 2391 669 2448 onimium
680 2390 791 2464 laquear
809 2390 880 2448 istud
892 2391 942 2449 de·
995 2390 1080 2444 minos
1093 2398 1118 2445 et
1127 2389 1222 2445 codem
1234 2389 1262 2445 in
1276 2390 1415 2462 discipulos
1429 2389 1535 2445 Danuuii
1547 2387 1614 2460 (Aet.
1630 2389 1658 2445 li.
1674 2386 1713 2461 1).
1726 2386 1798 2444 Gou-

140 2482 284 2550 ducimua,
303 2497 407 2556 rosque
420 2484 485 2540 tecti
503 2483 600 2541 solado
617 2494 645 2542 et
656 2498 826 2557 quocumque
838 2499 941 2557 genere
996 2479 1074 2538 tiuuo
1097 2479 1214 2537 turbavit
1235 2495 1285 2538 nos
1309 2481 1458 2538 immutatio
1483 2479 1601 2537 nominis
1617 2497 1625 2534 :
1642 2479 1798 2565 invenimur

138 2573 313 2646 iocunditatis
325 2591 342 2633 a
354 2573 432 2632 nobis
444 2575 595 2645 excogitato
604 2571 771 2645 remeamus,
779 2583 809 2631 ut
820 2590 864 2645 ea,
878 2592 942 2648 qne
997 2571 1072 2628 euim
1085 2572 1112 2628 iu
1124 2573 1248 2630 omnibus
1260 2571 1400 2644 epistolis,
1414 2581 1442 2629 ιι
1456 2573 1483 2630 iu
1494 2571 1600 2630 illarum
1611 2571 1729 2630 exordiis
1742 2583 1797 2629 non

142 2663 215 2722 dicta
227 2663 341 2734 inerint,
367 2665 467 2723 diutius
481 2675 509 2724 ιι
526 2668 693 2724 coustantius
706 2666 800 2724 audire
818 2667 939 2740 possitis.
996 2663 1109 2722 &ulum
1121 2681 1194 2736 eunt,
1208 2666 1256 2724 sed
1266 2665 1530 2738 Paulumappeliari,
1539 2675 1566 2724 ιι
1577 2666 1630 2724 boo
1640 2681 1694 2723 nou
1708 2667 1736 2724 in
1745 2665 1798 2724 boc

141 2754 183 2813 ile
194 2755 274 2828 igitur
285 2757 405 2828 puerulis
419 2757 518 2814 nostris
527 2755 664 2815 molliores
678 2756 785 2823 lamus,
801 2759 847 2829 qui
860 2758 942 2815 scito·
997 2757 1074 2826 eolo,
1090 2758 1139 2816 scd
1152 2767 1180 2814 ιι
1194 2758 1222 2814 in
1237 2751 1331 2816 multis
1343 2755 1403 2815 aliis
1416 2757 1558 2816 accidisse.
1580 2758 1648 2817 Nam
1661 2767 1689 2816 ιι
1702 2757 1798 2816 Petrus

141 2848 183 2906 tas
195 2847 366 2921 frequentant
380 2867 388 2905 ι
403 2849 442 2905 illi
460 2859 523 2908 aute
542 2849 682 2908 meridiem
695 2849 805 2908 domum
822 2866 877 2908 uon
891 2866 943 2907 au·
997 2851 1094 2909 Simon
1105 2850 1262 2920 dicebatur,
1274 2860 1303 2908 et
1314 2851 1362 2908 liiii
1375 2849 1500 2908 Zebedmi
1513 2849 1630 2908 lacobus
1641 2860 1669 2909 ct
1681 2851 1799 2910 ioannes

141 2938 207 2997 deut
218 2939 318 3009 redire,
332 2939 381 2999 sed
395 2940 497 2998 nonita
510 2940 942 3014 pridemalactedepulsi,paulo
997 2942 1061 3000 lilii
1083 2944 1192 3000 tonitrui
1205 2951 1309 3000 mutato
1329 2942 1428 3002 deiude
1449 2944 1560 3001 nomine
1574 2953 1636 3000 sunt
1649 2943 1738 3002 rocati
1752 2961 1759 2999 :
1771 2951 1800 3002 et

141 3041 205 3090 ιιιο
217 3033 304 3091 aruisi
318 3032 354 3090 ab
365 3031 459 3103 ubere,
473 3049 535 3090 cum
549 3033 669 3091 nondum
680 3033 797 3107 quinque
807 3049 941 3092 annornm
998 3036 1027 3092 in
1043 3035 1133 3092 Veteri
1147 3033 1321 3094 Testamento
1342 3036 1412 3095 lrauc
1432 3035 1556 3093 eamdem
1576 3035 1799 3094 consuetudinem

142 3133 249 3183 etatem
260 3124 416 3200 attigerint,
432 3125 458 3182 in
468 3125 580 3198 iuvenili
593 3142 625 3184 ac
635 3134 728 3184 ιιιιιιο
738 3140 852 3200 corpore
868 3128 939 3185 tole·
997 3128 1028 3185 in
1042 3125 1203 3200 quibusdam
1224 3127 1372 3185 obtinuisse
1385 3127 1576 3200 comperimus.
1596 3125 1663 3184 llam
1675 3135 1702 3184 et
1715 3125 1800 3185 lbra-

142 3218 256 3276 rautiaru
267 3233 375 3276 omnem
388 3234 444 3292 prae
453 3233 483 3276 se
495 3218 602 3276 lerunt:
613 3219 737 3292 quamuis
751 3227 842 3288 aestus,
851 3233 944 3292 qunam-
998 3217 1063 3274 bum
1077 3219 1150 3292 prius
1165 3219 1264 3275 libram
1278 3217 1478 3291 appellabatur,
1499 3227 1526 3276 ιι
1538 3218 1620 3277 Sarra
1635 3217 1711 3293 prius
1722 3218 1799 3288 Sara,

142 3309 272 3377 sistitis,
286 3308 408 3382 quamtis
421 3309 495 3366 aliud
508 3309 616 3382 quiduis
625 3309 775 3366 molestiam
789 3309 893 3378 alterat,
906 3309 943 3366 ad
1000 3309 1099 3368 deinde
1112 3309 1192 3368 Sarra
1203 3313 1340 3368 nominata
1350 3319 1407 3378 est,
1423 3320 1450 3368 ct
1462 3309 1546 3370 iacob
1559 3321 1652 3383 postea
1664 3311 1746 3368 lsrael
1758 3317 1801 3370 est

142 3400 261 3460 medinm
272 3416 356 3475 usque
369 3399 509 3460 meridiem
521 3402 549 3458 in
561 3399 653 3460 soboia
666 3400 791 3458 sedentes
801 3400 945 3457 tolerando
1000 3411 1131 3461 vocatus:
1147 3403 1292 3460 absurdum
1307 3403 1388 3476 igitur
1400 3403 1479 3462 nobis
1492 3413 1535 3462 cst
1546 3405 1651 3474 tbom,
1673 3405 1697 3462 sl
1711 3412 1801 3462 tantm

141 3507 175 3550 ac
196 3493 328 3566 patienter
352 3491 462 3549 lerendo
484 3501 667 3564 perseverant.
695 3492 787 3564 ltaque
800 3491 824 3549 si
838 3491 945 3549 nullum
999 3494 1108 3552 anobis
1125 3494 1269 3552 thesaurus
1287 3495 1426 3552 nominum
1440 3504 1542 3554 temere
1560 3497 1753 3570 praeteriretur.
1772 3493 1802 3554 ld

142 3585 238 3656 alium,
251 3585 648 3659 puerulosillosimitemnruos
660 3587 721 3658 uiri,
737 3586 781 3659 qui
796 3584 829 3642 ad
840 3585 944 3658 justam
1000 3602 1067 3644 tero
1088 3587 1114 3644 in
1134 3589 1298 3660 principibus
1311 3587 1393 3646 etiam
1407 3587 1582 3646 saecularibus
1600 3591 1711 3648 ereuire
1727 3603 1802 3648 cotn-

142 3692 176 3736 ao
187 3677 332 3750 perlectam
353 3689 460 3736 aetatem
475 3679 657 3752 pervenimus.
680 3677 708 3737 Si
721 3679 793 3736 enirn
807 3679 945 3736 institutos
999 3679 1120 3752 perinsus
1135 3699 1142 3735 :
1160 3680 1292 3752 siquidem
1316 3681 1354 3738 illi
1378 3681 1478 3754 duplex
1492 3697 1599 3755 quoque
1614 3699 1712 3742 nomeu
1725 3697 1802 3742 assu·

142 3770 178 3828 de
202 3771 301 3829 virtute
322 3786 463 3830 sermones
485 3769 579 3829 audire
601 3786 657 3828 non
678 3771 860 3838 sustinemus,
883 3771 947 3842 quis
1000 3777 1089 3826 munt.
1113 3769 1181 3827 Vide
1203 3781 1293 3828 autem
1310 3791 1317 3828 :
1332 3771 1476 3842 Successit,
1490 3775 1587 3846 inquit,
1599 3773 1683 3832 Felici
1690 3773 1802 3832 Porcius

142 3859 222 3919 uobis
233 3861 345 3920 eredere
357 3863 458 3935 poterit
469 3877 519 3920 nos
533 3863 640 3920 labores
652 3863 814 3920 toleraturos
826 3877 876 3935 pro
889 3861 947 3917 vtr-
1002 3857 1097 3916 Fertaa
1109 3860 1177 3932 (Act.
1188 3860 1234 3917 tt.
1246 3860 1292 3935 28)
1308 3879 1314 3918 :
1329 3871 1357 3919 ιι
1369 3877 1472 3931 rursus,
1485 3863 1549 3920 Erat
1561 3865 1665 3937 qnidam
1676 3881 1733 3920 cum
1746 3879 1802 3939 pre

143 3959 202 4012 tute
225 3951 401 4010 subeundos?
425 3953 450 4010 si
467 3953 502 4010 ad
521 3953 687 4011 audiendum
709 3952 852 4009 illiberales
875 3951 946 4010 adeo
1002 3950 1117 4019 torrente,
1138 3953 1328 4024 quiooeobotur
1342 3953 1449 4028 Sergius
1461 3953 1561 4012 Paulus
1586 3955 1639 4026 (li.
1653 3955 1696 4012 to.
1710 3953 1739 4030 7)
1751 3998 1759 4026 ,
1773 3963 1802 4014 et

144 4044 229 4102 simus
240 4060 273 4102 ao
285 4045 397 4115 sordidi,
412 4044 486 4103 uude
505 4061 556 4104 nos
567 4046 602 4103 ad
618 4045 751 4118 agendum
762 4045 946 4120 promptiores
1002 4043 1049 4115 qui
1063 4041 1163 4101 ludaeis
1183 4041 1319 4101 Christum
1334 4044 1464 4116 tradidit,
1486 4045 1599 4103 Pontius
1613 4045 1713 4103 Pilatus
1727 4045 1802 4103 dice·

143 4137 204 4195 lore
218 4139 373 4196 constabitl
386 4139 494 4212 siquod
511 4138 616 4198 laciiius
630 4140 852 4207 estomittamus,
874 4153 947 4210 quo·
1001 4137 1092 4194 batur.
1106 4135 1198 4209 Neque
1212 4152 1277 4194 tero
1290 4137 1590 4212 principibustautum,
1607 4139 1656 4196 sed
1670 4139 1803 4198 etmiliti·
1917 4197 1921 4204 ,

145 4230 227 4286 modo
238 4231 312 4304 quod
321 4230 455 4290 dildcilius
467 4241 509 4290 eat
521 4217 709 4304 perioremusi
719 4234 754 4289 tt
766 4232 838 4290 euim
852 4230 947 4288 multe
1003 4227 1055 4286 bus
1068 4228 1263 4302 saepeduplioia
1273 4229 1381 4288 luerunt
1395 4231 1514 4298 uomina,
1528 4240 1556 4288 et
1565 4229 1602 4288 iiii
1615 4233 1660 4304 qni
1671 4233 1802 4304 privatum

144 4332 210 4380 suut
221 4322 273 4380 loci
285 4324 429 4398 angustie,
449 4325 532 4382 muita
546 4325 684 4382 violentia.
701 4324 857 4393 Audisane,
872 4321 948 4396 quod
1003 4325 1087 4386 sitam
1113 4324 1264 4395 elegerant,
1287 4324 1323 4381 ob
1341 4339 1449 4382 causam
1463 4334 1491 4382 et
1502 4325 1671 4383 oomsioncrn
1685 4325 1803 4399 aliquam

145 4430 259 4486 reguum
278 4417 406 4474 emiorum
429 4417 535 4488 rapiant
555 4417 666 4475 violenti
686 4415 946 4489 (11ιιι1.11.11),
1003 4415 1140 4488 duplicem
1165 4415 1252 4474 sortiti
1281 4426 1345 4474 sunt
1370 4416 1588 4490 appellationem.
1613 4417 1668 4476 Sed
1692 4417 1727 4476 de
1750 4417 1804 4476 illis

145 4509 219 4582 quod
232 4519 306 4568 arcta
329 4513 365 4569 sit
383 4521 413 4570 et
431 4522 543 4585 augusta
562 4513 625 4582 ria,
652 4530 713 4585 quae
727 4512 801 4570 ducit
814 4513 848 4570 ad
861 4513 949 4570 sitam
1003 4509 1113 4580 quidem
1128 4507 1207 4566 nobis
1222 4507 1290 4566 nihil
1310 4508 1432 4582 proderit
1445 4510 1469 4566 sl
1490 4525 1659 4582 queramus,
1682 4510 1754 4568 uude
1766 4512 1804 4567 ita

146 4601 253 4674 (llmti.
271 4604 298 4658 i.
308 4605 350 4676 ι).
374 4604 486 4675 ριιιιι
498 4605 749 4681 igiturperarersm
762 4616 790 4667 qt
803 4615 948 4682 ongum.
1003 4600 1105 4658 luerint
1128 4601 1278 4674 appellati:
1297 4617 1360 4659 cum
1379 4617 1445 4658 rero
1465 4601 1537 4659 Deus
1560 4617 1659 4660 nomen
1680 4603 1803 4676 imponit,

92 4677 97 4686 ¹
145 4692 218 4750 tiam
231 4693 541 4768 incedimus,nosctiam
552 4707 714 4774 oportetnos
724 4699 798 4772 ipsos
807 4709 952 4757 coaretm
1004 4692 1079 4751 omui
1103 4692 1193 4752 studio
1216 4691 1425 4751 incumbendum
1449 4701 1511 4761 est,
1537 4703 1567 4752 ιι
1589 4709 1697 4752 causatu
1723 4707 1804 4765 repe·

146 4793 173 4842 et
197 4787 393 4859 comprimere,
419 4799 450 4847 ut
472 4800 574 4848 arctam
595 4801 625 4848 ιι
646 4799 786 4864 angustam
812 4791 950 4848 conticere
1003 4786 1116 4862 ritmtt·
1824 4773 1833 4788 ’

144 4879 217 4936 tiam
230 4880 375 4953 possimus.
391 4882 459 4940 iiam
471 4885 517 4957 qui
531 4885 651 4958 seipsum
661 4884 765 4954 dilatat,
789 4899 842 4940 noo
856 4883 893 4941 ita
907 4883 950 4942 la-
1041 4875 1113 4934 Deaa
1130 4877 1195 4934 nibil
1203 4878 1278 4956 serit
1294 4879 1400 4950 [tertre.
1427 4877 1480 4936 Gar
1496 4875 1597 4936 Posiae
1613 4895 1704 4936 nomen
1722 4887 1805 4934 arata·

144 4970 196 5026 cite
210 4971 281 5029 riam
295 4983 436 5048 mgmtam
451 4987 606 5049 percurret,
620 4977 668 5034 sed
679 4978 724 5050 qui
738 4977 860 5050 seipsum
868 4977 950 5034 colri-
1003 4973 1078 5030 uerit.
1092 5002 1128 5015 -
1140 4972 1232 5046 Neque
1239 4975 1313 5030 euim
1327 4981 1429 5030 temere
1441 4981 1487 5030 aut
1499 4973 1557 5031 siue
1566 4987 1646 5030 causa
1659 4971 1804 5045 quidquam

144 5060 202 5128 ¹³⁰⁸.
217 5065 380 5136 comprimit,
392 5076 421 5124 et
430 5070 597 5144 constringit.
1004 5067 1050 5124 tel
1063 5064 1153 5123 lacere
1166 5066 1239 5124 bens
1247 5065 1292 5122 rel
1305 5065 1396 5123 dimne
1405 5067 1554 5136 consuerit,
1566 5065 1615 5124 sed
1626 5065 1731 5136 singula
1741 5078 1803 5121 cum

192 5152 222 5210 2
245 5153 386 5214 Νοιιιίιιιιιι
398 5163 515 5218 metatio
536 5164 625 5235 quanti
648 5164 776 5235 [oriendo.
803 5163 949 5237 Scripturas
1007 5174 1051 5227 ea,
1066 5175 1127 5232 quae
1146 5157 1197 5231 ipsi
1216 5157 1361 5227 contenit,
1381 5160 1523 5232 sapientia.
1547 5157 1678 5228 Curergo
1698 5156 1804 5212 tandem

144 5259 231 5302 im
250 5248 378 5318 110Μο
400 5249 523 5322 bonde.
547 5283 584 5296 -
609 5253 703 5326 tteque
725 5256 797 5311 enim
820 5255 949 5315 derebus
1006 5251 1265 5322 Saulusdioebotur,
1280 5267 1341 5309 oum
1360 5260 1584 5324 persequeretur,
1598 5260 1626 5306 ιι
1635 5249 1733 5306 Paulus
1747 5265 1806 5306 mu·

147 5337 300 5394 trivialibus
313 5341 488 5410 questionem
497 5343 629 5401 babemus
639 5344 731 5413 bodie,
743 5347 791 5403 sed
803 5346 837 5404 de
848 5363 949 5417 requae
1006 5355 1065 5404 tato
1085 5345 1195 5403 nomine
1213 5345 1300 5403 dictus
1312 5354 1371 5417 est,
1391 5345 1499 5418 quando
1519 5342 1658 5400 eredidit?
1680 5341 1806 5399 Nonnulli

146 5432 232 5503 coepit
245 5431 353 5504 quidem
363 5433 489 5493 hesterno
505 5436 550 5494 die
568 5440 692 5510 proponi,
704 5439 950 5512 uoupotuitautera
1004 5438 1119 5508 dicunt,
1134 5440 1242 5513 quaudo
1262 5439 1406 5510 turbabat,
1429 5437 1656 5506 tumultuabatur,
1671 5446 1698 5494 et
1712 5437 1808 5494 misee-

148 5525 249 5580 solutio
262 5525 420 5597 questionis
432 5528 542 5599 atterri,
557 5539 668 5603 propter
686 5547 779 5588 eorum
799 5533 951 5592 multitudi·
1004 5531 1055 5591 bat
1077 5533 1185 5603 omnia,
1210 5533 1412 5605 Ecclesiamque
1424 5529 1594 5604 exagitabat,
1608 5529 1718 5588 saulum
1730 5531 1807 5588 ittam

112 5611 118 5620 '
148 5631 226 5686 uem,
235 5632 296 5689 quae
309 5617 413 5677 lucrant
426 5621 453 5677 iu
463 5621 579 5678 meditem
587 5623 700 5695 prolata.
715 5624 785 5694 Quid
793 5625 858 5682 iilud
869 5641 951 5698 porro
1008 5621 1093 5685 luisse
1107 5627 1219 5695 dictum,
1234 5636 1263 5685 et
1273 5627 1308 5684 ab
1318 5625 1368 5683 bac
1382 5627 1439 5698 ipsu
1459 5611 1586 5681 Ecclesiae
1600 5623 1740 5682 uenatione
1755 5637 1806 5680 no-

150 5708 212 5766 esti
227 5709 266 5768 lie
278 5713 790 5789 nominumimpositiouequmstioerat
806 5735 868 5792 quae
879 5719 951 5778 Deus
1007 5735 1073 5776 meu
1090 5735 1151 5780 esse
1161 5723 1283 5780 sortitum
1299 5741 1307 5778 r
1328 5727 1470 5794 postquam
1485 5727 1575 5777 autem
1587 5718 1622 5777 ab
1636 5719 1681 5777 illa
1694 5717 1809 5777 recessit

151 5803 252 5861 tauotia
269 5803 407 5878 imposuit.
431 5807 487 5866 lies
496 5809 748 5870 atomistateuuis
757 5813 947 5890 videturesse,
1011 5813 1132 5888 insania,
1158 5817 1304 5890 turbasque
1327 5815 1400 5873 clere
1421 5829 1453 5874 ao
1476 5815 1575 5875 bellum
1595 5815 1696 5875 iuierre
1715 5813 1807 5884 desiit,
