4142 6342
151 275 211 332 753
684 278 727 333 nu
746 277 836 333 Fauo
856 278 899 334 ET
919 280 1159 342 unuttuurtnta.
1178 290 1209 345 V.

1736 311 1790 372 766

150 387 338 487 piampnsacl
361 385 442 440 Dcttnt
477 384 633 487 critttirtari,
656 386 727 456 quod
754 387 944 491 ittltosptitules,
998 398 1116 464 quoniam
1132 403 1258 470 judicium
1275 405 1383 480 Dotttlpo
1406 383 1580 488 tutelast)
1596 435 1602 474 :
1618 427 1786 490 etrurstttu,

151 477 227 579 quod
240 477 410 542 tnltuutanos,
426 476 496 546 quod
512 491 636 578 iniquos,
651 477 722 548 quod
737 487 869 548 atquttutts
885 495 945 548 Jura
998 486 1077 555 dudi,
1090 491 1189 560 oculoru,
1203 505 1227 548 et
1238 499 1340 554 attribue
1353 503 1471 574 percipe,
1486 513 1569 575 terro,
1585 513 1646 580 quia
1660 511 1788 571 Dominus

150 578 327 638 agriorantcs,
352 565 424 636 qood
438 581 502 631 eos,
523 581 568 638 qtn
582 582 739 623 cotuntuncs
759 577 861 623 nature
874 569 946 640 lepos
998 577 1115 647 loquutus
1128 591 1164 636 est
1183 583 1259 654 (lsai.
1280 588 1306 643 l.
1318 589 1359 661 Ξ).
1374 591 1451 664 Saepe
1466 609 1530 652 tero
1542 597 1602 655 illos
1617 601 1688 671 ips'os
1703 620 1786 672 reos,

148 668 323 725 everterent,
338 658 438 713 malitia
451 657 544 728 plenos
557 658 638 714 deleri
652 668 796 730 oporteret.
809 659 877 727 Quid
892 667 944 715 tant
997 666 1098 740 Populo
1109 674 1159 740 ini,
1172 677 1233 746 quid
1246 680 1295 750 [esi
1310 683 1370 750 tibi,
1385 695 1429 738 ont
1440 687 1467 741 in
1480 705 1529 758 quo
1541 689 1596 746 basi
1614 702 1638 747 te
1652 693 1734 766 (laten
1758 697 1775 753 6

148 751 267 820 be¹¹3l3¹¹⁰
279 761 308 804 0¹
321 759 462 804 ⁰¹³ss⁵¹¹0¹⁰
475 750 530 804 ⁰⁰⁰
550 765 597 820 ΡΜ
610 749 707 804 Ῐυθῐῑῑῗ
721 749 800 820 Aldu?
820 765 868 804 ¹¹⁰⁵
882 749 945 808 (¹¹¹¹ss
997 758 1044 830 ld?
1057 761 1092 816 Et
1104 762 1244 833 luscinias,
1261 770 1335 837 Quod
1346 774 1492 832 invenerunt
1511 781 1538 834 t'n
1555 759 1595 837 nte
1608 784 1725 841 delictum
1739 805 1786 857 po-

147 841 323 910 eastigamns,
344 855 378 894 ns
399 855 507 895 causatu
522 839 628 912 quidem
653 855 724 911 saepe
744 842 885 912 dignamur
904 842 945 897 tli-
996 857 1046 904 tres
1059 855 1134 907 satri
1154 854 1260 928 (lei-ern.
1270 860 1298 916 2.
1314 862 1364 933 bl?
1377 864 1469 936 Neque
1484 867 1534 926 boc
1550 872 1634 930 solunt
1648 875 1673 930 in
1688 867 1792 931 ciritass

146 945 211 983 oere
225 947 234 984 ι
246 929 294 984 ille
310 944 374 984 tero
389 929 440 984 uisi
452 930 527 1000 prius
548 938 573 984 te
589 930 725 998 docuerit,
739 931 791 985 nisi
808 932 881 1000 prius
895 931 944 987 tibi
996 939 1067 996 tibus
1080 951 1108 998 et
1124 947 1274 1004 tradonibus
1286 952 1370 1019 lacit,
1385 957 1523 1014 sedetiam
1544 961 1569 1018 ln
1585 978 1638 1019 uuo
1650 979 1721 1035 saepe
1734 967 1783 1021 lio-

148 1025 333 1092 persuaserit,
348 1022 398 1076 nisi
412 1031 486 1076 tuum
500 1022 601 1091 ceperit
618 1020 770 1092 suffragium
781 1061 789 1088 ,
801 1022 871 1092 quod
884 1025 944 1093 jure
994 1029 1075 1085 mine.
1090 1031 1155 1088 Cum
1168 1035 1266 1094 uiride
1280 1039 1411 1113 disceptat
1424 1049 1655 1118 porpendissem:
1669 1066 1697 1110 es
1707 1054 1783 1112 10„ae

145 1115 310 1185 supplicium
324 1114 436 1184 iulllgat,
452 1130 505 1169 non
519 1119 630 1186 castigat
639 1128 697 1182 cos,
711 1115 756 1184 qui
766 1114 869 1184 jamdiu
883 1131 944 1186 sup·
994 1126 1128 1182 recusanti
1141 1126 1266 1186 Ninivitis
1281 1134 1443 1203 praedicare,
1459 1153 1488 1194 se
1502 1139 1572 1195 lleus
1592 1159 1640 1214 pcr
1657 1147 1782 1203 cucurbi-

146 1210 229 1278 plieio
241 1216 268 1262 et
280 1207 512 1262 animadversione
525 1206 597 1278 digni
613 1215 700 1270 erant,
717 1214 796 1277 atque
811 1207 940 1261 rationem
995 1221 1184 1274 tamexeusat:
1201 1219 1233 1274 Si
1241 1229 1268 1274 ta
1278 1225 1399 1292 parcebas
1411 1243 1486 1298 super
1496 1232 1662 1302 cucurbitam,
1676 1252 1721 1307 epo
1731 1254 1782 1293 non

144 1315 220 1369 saepe
237 1299 285 1354 tibi
300 1298 412 1354 reddere
424 1306 532 1369 paratus
543 1307 595 1364 cst,
611 1307 638 1354 et
651 1298 677 1352 in
688 1299 815 1368 judicium
829 1297 940 1354 descen-
993 1320 1096 1374 porcom
1109 1324 1185 1380 saper
1199 1309 1308 1382 lliniosn
1321 1313 1396 1385 (lon.
1411 1318 1437 1372 l.
1455 1319 1498 1374 lb.
1515 1319 1578 1393 llll
1588 1323 1621 1379 Et
1635 1327 1780 1384 multorum

144 1391 212 1446 dere
233 1399 376 1466 tecumque
391 1389 541 1460 disceptare
553 1405 606 1444 uon
625 1399 759 1460 gratatur.
778 1385 859 1444 Vides
880 1403 968 1478 pro·¹
993 1392 1145 1465 bujusmodi
1166 1399 1315 1471 Scripturas
1338 1405 1431 1476 plenas
1454 1409 1582 1466 iuvenies.
1606 1413 1668 1470 llaec
1691 1417 1780 1488 itaque

145 1481 242 1552 phetas
262 1481 303 1536 liis
324 1481 493 1538 serumnibus
515 1481 635 1552 plenos:
658 1481 754 1551 ultique
772 1479 870 1550 judicia
893 1479 940 1536 Dei
992 1497 1053 1538 cum
1067 1487 1199 1557 sciamus,
1215 1491 1301 1560 ipsum
1315 1495 1465 1564 adoremus,
1477 1473 1648 1571 admiremur,
1662 1507 1781 1564 colamus

144 1588 207 1628 erato
223 1571 386 1627 hominibus.
399 1573 439 1627 dc
453 1571 610 1642 plerumque
629 1571 720 1642 inique
739 1578 848 1640 agentes
869 1569 941 1639 ipsos
991 1585 1118 1642 quantum
1140 1578 1166 1632 in
1189 1580 1265 1636 nobis
1278 1583 1329 1638 erit
1345 1603 1352 1639 ε
1368 1587 1446 1657 digne
1467 1591 1537 1646 enim
1556 1607 1609 1648 non
1629 1611 1779 1664 possumus.

144 1665 171 1716 in
184 1661 290 1733 judices
303 1662 415 1717 aduocat
432 1680 440 1717 :
457 1677 529 1732 sepe
543 1663 624 1717 etiam
639 1661 792 1717 anniuersum
803 1660 895 1715 orbem
906 1659 939 1714 ad
990 1663 1087 1720 Curam
1109 1667 1253 1726 babeamus
1273 1677 1413 1744 praesentis
1426 1680 1506 1746 uitae,
1522 1691 1549 1737 et
1563 1657 1718 1754 persuasam
1733 1689 1780 1744 ha.

142 1755 278 1809 caleulum
296 1752 436 1809 ferendum
446 1752 542 1808 sedere
552 1753 638 1822 iubet,
654 1762 684 1807 ut
697 1751 857 1821 judiciorum
873 1764 939 1804 con·
990 1751 1100 1810 beamm
1120 1756 1202 1813 iteum
1223 1777 1353 1831 praeesse,
1374 1775 1401 1821 et
1421 1770 1611 1837 prouidentiam
1624 1761 1714 1832 omnia
1726 1793 1778 1848 pu-

141 1847 314 1916 spicuitatem
325 1845 449 1901 ostendat
462 1862 470 1900 :
483 1859 518 1900 ne
531 1845 617 1914 ipsum
628 1842 734 1914 quidem
745 1841 936 1906 adversarium,
990 1842 1107 1902 bernme
1120 1866 1128 1902 :
1142 1857 1170 1904 et
1185 1862 1244 1920 post
1256 1852 1313 1909 haec
1325 1857 1414 1912 omnia
1428 1863 1553 1932 consequi
1566 1868 1696 1936 promissa
1708 1869 1778 1926 bons

141 1945 194 2026 alce
219 1937 301 1994 etlam
326 1937 460 1992 insensilia
475 1936 509 1991 ad
530 1935 661 2007 iudicium
683 1933 815 1989 advocare
833 1940 939 1988 recusat
990 1939 1161 2004 poterimusa
1174 1942 1269 2010 quibus
1284 1960 1333 2002 nos
1346 1963 1440 2006 omnes
1454 1953 1531 2020 potiri
1546 1957 1681 2028 coritinpat
1694 1963 1778 2030 pratia

142 2030 215 2083 beus
229 2045 238 2084 ι
253 2028 324 2098 quod
339 2027 452 2084 nobisia
466 2042 541 2082 more
554 2037 596 2082 est
608 2026 705 2089 lacere,
720 2024 865 2096 quandoid
877 2023 937 2093 jure
988 2026 1097 2097 Clitistl,
1112 2032 1155 2087 cul
1168 2034 1251 2104 gloria
1266 2035 1293 2092 in
1306 2041 1403 2096 saecula
1417 2045 1583 2102 saeculorum.
1598 2050 1694 2105 darien.
1801 2023 1803 2028 ¹

140 2127 236 2174 nostro
249 2120 419 2176 confidimus.
434 2119 543 2185 Audite,
556 2118 645 2184 ualles,
659 2116 826 2187 fondamento
840 2125 934 2176 terra,

548 2334 628 2416 DE
663 2243 1777 2418 FATOW

859 2504 1053 2578 ¹080!

471 2671 570 2713 omps
584 2672 609 2711 a,
990 2651 1095 2716 ternpus
1109 2647 1166 2708 brec
1179 2652 1247 2722 lieri,
1262 2667 1290 2712 ut
1302 2675 1332 2714 re
1343 2670 1370 2716 et
1382 2676 1463 2729 omre
1478 2667 1651 2735 perniciosam
1667 2671 1735 2729 banc
1747 2683 1775 2732 et

178 2752 256 2808 Nulla
269 2760 312 2807 est
324 2749 435 2804 omnino
448 2759 501 2803 tam
515 2747 658 2818 depravata
670 2743 804 2805 doctrina,
820 2739 934 2802 dilecte,
988 2736 1126 2796 exitiosam
1139 2745 1269 2803 malorum
1280 2752 1433 2822 mamalum
1447 2759 1598 2826 perspicere
1608 2765 1774 2831 possetistst

142 2861 233 2914 neque
253 2853 307 2898 mni
323 2840 462 2897 incurabili
480 2839 555 2896 sanic
570 2838 663 2909 plena,
678 2849 756 2907 qnam
772 2842 813 2889 est
832 2832 889 2886 liam
901 2831 936 2886 de
987 2827 1058 2882 enim
1078 2845 1187 2890 noemae
1204 2847 1245 2892 est
1264 2843 1394 2909 omnino,
1409 2849 1551 2916 usquein
1570 2848 1626 2906 lato
1636 2861 1697 2909 sarit
1710 2870 1776 2914 ers·
1809 2889 1811 2896 ,

140 2937 199 2992 iato
211 2945 238 2992 et
247 2934 393 3005 depenesi.
403 2933 469 2987 Nam
481 2939 656 3001 preterquam
669 2925 740 2998 quod
753 2923 935 2994 blasphemam
988 2920 1076 2987 uiant,
1100 2931 1155 2978 tum
1177 2926 1358 2988 laborantibus
1370 2935 1448 2990 nobis
1461 2977 1468 3001 ,
1488 2947 1543 2992 tum
1563 2940 1773 3016 dormientibus,

140 3037 168 3082 et
181 3027 291 3096 impiam
311 3024 459 3081 doctrinam
481 3023 509 3076 in
529 3019 626 3076 attioris
646 3033 739 3074 eorum
762 3015 874 3078 iusserit,
889 3012 934 3082 qul
986 3009 1075 3065 nullus
1088 3015 1201 3083 asrteota
1217 3017 1299 3076 botes
1308 3020 1420 3093 iungat,
1435 3026 1476 3081 rel
1491 3039 1608 3084 aratrum
1623 3033 1725 3103 trabat,
1740 3051 1775 3093 ne

139 3119 327 3190 decipitmtur,
342 3124 370 3171 et
384 3115 417 3170 ad
433 3114 494 3170 talia
508 3111 544 3169 ds
558 3113 613 3167 ueo
625 3108 737 3166 dicenda
751 3107 861 3172 inducit,
874 3119 934 3175 qnae
986 3101 1090 3156 sulcum
1103 3107 1216 3172 scindat,
1233 3125 1320 3179 tneque
1333 3115 1435 3170 sentina
1445 3117 1536 3187 jaciat,
1551 3135 1584 3175 ne
1595 3123 1657 3178 anni
1670 3133 1775 3196 tempus

139 3227 176 3266 ne
198 3211 233 3266 de
253 3208 419 3263 damonibus
431 3205 539 3277 quidem
559 3201 690 3274 quispiam
711 3199 828 3263 dixerit,
851 3196 933 3250 ritant
985 3203 1165 3260 opportunum
1177 3197 1320 3267 observet,
1335 3218 1369 3258 ne
1389 3206 1449 3274 gelu
1470 3217 1497 3261 et
1510 3209 1643 3266 assiduam
1658 3214 1773 3283 pluriam

139 3299 223 3356 etiam
242 3297 381 3354 enodandit
399 3305 538 3360 nosram,
560 3292 649 3348 omitia
668 3289 780 3345 tumultu
800 3287 934 3356 tittdtaque
986 3282 1099 3349 toleret,
1116 3300 1150 3340 ne
1165 3287 1286 3345 miserias
1299 3301 1327 3347 et
1345 3293 1449 3351 labores
1460 3298 1608 3354 secuudum
1627 3305 1689 3358 aurii
1708 3319 1772 3376 qu-

138 3389 342 3460 perturbatione
357 3387 459 3458 replet;
472 3399 504 3440 ac
516 3397 692 3455 quecumque
703 3379 737 3455 ad
749 3379 896 3433 doctrinam
907 3385 934 3431 et
986 3375 1069 3440 tium;
1086 3377 1179 3433 ialcent
1196 3397 1229 3436 us
1242 3391 1328 3448 acuat,
1348 3401 1382 3442 ue
1395 3397 1512 3458 segetem
1525 3389 1653 3461 demetat,
1670 3411 1703 3453 ne
1716 3399 1773 3468 spi..

139 3483 359 3538 emendationem
370 3495 384 3532 a
396 3479 624 3542 Deoetanatura,
639 3488 739 3545 perque
752 3470 894 3542 propbetas
906 3479 934 3525 et
984 3481 1031 3522 ras
1045 3478 1126 3535 terat,
1146 3487 1180 3526 ne
1192 3472 1305 3542 plantet,
1319 3491 1352 3530 ne
1364 3478 1466 3547 plantas
1480 3482 1568 3547 colat;
1582 3500 1688 3541 onntcnt
1703 3489 1774 3558 apri-

138 3581 251 3627 sanctos
264 3572 338 3625 uiros
349 3569 456 3624 inducta
468 3577 547 3632 stant,
561 3566 673 3629 euertit,
690 3563 832 3620 labelactat
845 3573 872 3616 ct
885 3576 932 3614 su·
984 3556 1095 3614 culturae
1107 3575 1200 3617 curam
1213 3563 1330 3634 obiiciat,
1340 3567 1411 3623 domi
1421 3571 1523 3640 sedeat,
1541 3589 1701 3648 semperque
1711 3579 1774 3636 dm-

139 3675 308 3735 perracanea
330 3659 506 3714 demonstrat.
527 3659 564 3711 dc
584 3655 693 3724 perinde
712 3654 775 3710 lacit
788 3667 820 3706 ac
831 3653 853 3706 si
873 3652 933 3720 ands
984 3650 1060 3717 auiat,
1077 3651 1100 3706 si
1112 3655 1202 3709 omnia
1216 3657 1266 3727 ipsi
1277 3673 1293 3713 e
1304 3656 1358 3714 luto
1370 3662 1512 3728 perideaut,
1523 3680 1570 3720 sua
1581 3679 1675 3737 sponte
1685 3675 1778 3728 omnla

138 3767 257 3823 corpore
271 3749 422 3815 lttllrmttut,
443 3747 619 3804 seniculum
633 3754 774 3816 egentem,
793 3741 932 3813 praesenti·
983 3740 1054 3797 mna
1071 3743 1178 3800 domum
1198 3749 1306 3803 venient
1326 3767 1332 3801 τ
1350 3752 1372 3806 si
1394 3763 1482 3808 sutettt
1501 3757 1527 3810 in
1546 3763 1707 3814 eorrtrarimn
1729 3761 1774 3817 lu·

140 3845 192 3901 bus
205 3859 239 3898 ao
251 3843 368 3898 remedia
380 3825 535 3913 parantibus
547 3839 669 3904 tncdieis,
685 3838 805 3894 hortetur
819 3845 848 3892 ut
859 3835 933 3891 nullo
984 3847 1043 3888 sorta
1061 3837 1170 3891 verterit
1191 3837 1304 3905 Clotho,
1331 3845 1451 3910 quamuis
1475 3849 1625 3902 sexcenties
1649 3849 1768 3916 laboret,

139 3943 234 3990 utatur
245 3948 359 3998 eorum,
373 3945 424 3987 aee
437 3930 565 3985 liberetur
578 3943 592 3982 a
607 3928 721 3994 morbo,
741 3926 789 3982 sed
801 3924 932 3982 socordiae
984 3925 1073 3982 nullus
1086 3927 1136 3996 ipsi
1159 3929 1220 3984 lanis
1239 3929 1358 3988 laborum
1374 3934 1556 4006 sudorumque
1578 3940 1638 3993 erit.
1653 3940 1706 3995 Cn'r
1720 3943 1772 3996 ita·

140 4023 365 4096 negligentiaque
374 4037 404 4078 se
413 4021 526 4086 dedem,
540 4019 719 4075 miserrimam
728 4025 866 4087 exspectet
876 4032 932 4086 pcr-
984 4033 1035 4084 qtte
1049 4034 1101 4072 non
1121 4019 1179 4074 baec
1195 4021 1347 4091 precipitio,
1361 4025 1383 4078 si
1401 4039 1494 4081 revera
1515 4027 1568 4082 lato
1582 4031 1772 4088 creditisicur

140 4117 250 4171 niciern.
274 4114 370 4168 Annon
396 4113 453 4166 lraee
474 4113 557 4166 latum
577 4109 662 4164 dicit?
683 4107 767 4163 Nemo
788 4106 931 4176 quidquam
984 4125 1037 4164 nou
1060 4110 1214 4172 hortamini.
1238 4123 1266 4168 ut
1288 4129 1380 4170 reuera
1400 4116 1508 4172 discatis
1524 4121 1669 4189 rpuae‘bona
1688 4123 1770 4180 latum

139 4207 207 4260 utile
228 4204 381 4274 praecipiam
405 4217 484 4258 nemo
506 4201 596 4256 audiat
618 4201 700 4255 alium
723 4197 908 4253 cohortantem
922 4216 930 4253 a
984 4204 1091 4274 pariat?
1106 4205 1150 4260 Vis
1165 4206 1229 4261 milti
1244 4206 1385 4264 ostendere
1401 4209 1535 4280 quidrere
1549 4213 1585 4267 sit
1604 4212 1659 4268 lato
1671 4218 1772 4272 consti·

140 4298 239 4353 lrustra
253 4297 326 4366 leges
336 4310 365 4351 et
378 4294 500 4365 jndices,
521 4293 618 4348 lrustra
637 4291 715 4347 urinae
729 4299 758 4344 et
770 4288 931 4344 admonitio-

140 4405 209 4456 nes,
224 4391 323 4445 trustra
342 4387 464 4458 supplicii
480 4395 567 4441 metus
578 4425 587 4451 ,
600 4383 700 4438 [rostra
718 4383 850 4446 bonores,
865 4395 932 4450 pras·

140 4484 212 4548 titia,
228 4482 324 4553 qmltnae
342 4481 411 4536 berre
423 4479 571 4550 aperitibtts.
588 4477 617 4533 si
630 4491 722 4532 curam
735 4474 850 4539 trabeas,
865 4471 936 4528 trittil

140 4575 205 4631 birro
220 4573 392 4628 emolumenti
402 4588 411 4636 ;
423 4572 447 4625 si
460 4569 588 4640 negligas,
604 4567 669 4623 nibil
680 4565 782 4622 damni.
795 4564 834 4619 Ne
844 4563 879 4620 atl
888 4563 932 4618 lu·

138 4667 205 4722 dum
222 4681 287 4737 puer
300 4675 403 4737 pergat,
419 4679 454 4720 ne
464 4665 505 4719 air
514 4663 621 4718 adultus
633 4662 705 4732 lepos
717 4660 817 4725 audiat,
831 4675 865 4715 ne
874 4661 933 4714 arri-

140 4775 215 4815 mum
231 4759 356 4815 adbibeat
374 4757 493 4812 consiliis
512 4763 541 4810 et
553 4752 790 4810 admonitionibus.
803 4750 871 4818 Quid
884 4764 932 4821 po·

140 4850 203 4906 terit
215 4848 312 4905 allerre
327 4848 420 4903 labori
429 4846 510 4914 Quasi
523 4860 578 4901 non
591 4843 730 4900 saburrato
743 4844 835 4908 naris,
844 4843 931 4896 nautis

139 4951 167 4996 et
187 4937 410 5011 gubernatoribus
437 4935 583 5001 destituta,
612 4933 776 5004 tempestatis
800 4932 932 4988 violentie

69 5079 73 5089 .
140 5031 224 5084 misso
237 5027 336 5084 mentis
348 5027 538 5098 gubernaculo,
550 5027 590 5081 sic
601 5025 710 5081 letatur.
722 5023 814 5090 Visne,
828 5038 930 5094 quaeso,

140 5123 376 5190 contemperemus,
392 5117 514 5187 stibilque
527 5116 656 5172 faciamus
675 5117 747 5187 quod
760 5115 794 5171 ad
808 5118 868 5170 vitm
882 5131 931 5168 uo·

141 5223 204 5268 strae
219 5212 332 5267 salutem
352 5210 503 5280 pertineat?
517 5209 626 5264 luterim
645 5210 883 5278 praetermittantur
899 5223 931 5264 ea

140 5303 247 5372 aquaead
261 5302 377 5358 animam
390 5309 527 5370 spectant,
544 5299 579 5353 de
597 5301 721 5369 praesenti
740 5300 796 5354 rita
813 5299 931 5353 dissem-

142 5410 211 5450 mus.
227 5393 513 5463 Obtemperabimnsne
532 5390 588 5445 lato
608 5391 643 5444 ita
664 5391 778 5456 dicenti,
791 5407 877 5460 neque
890 5390 931 5445 la-

141 5485 230 5540 mulos
242 5483 429 5553 delinquentes
442 5481 600 5553 puniemus,
614 5494 701 5550 neque
714 5480 820 5536 lascivia
839 5495 931 5536 corru-

141 5585 201 5648 ptos
214 5575 385 5640 reducemus,
397 5590 484 5644 neque
499 5574 604 5642 iniquos
614 5571 649 5628 ad
659 5571 788 5643 judicium
803 5587 931 5643 agemus,

141 5683 228 5740 aeque
249 5667 321 5739 leq'es
342 5667 501 5724 audiemus?
524 5663 626 5720 Vellem
649 5664 772 5734 equidem
793 5664 826 5719 ad
850 5664 932 5720 brcre

984 4298 1087 4354 tutum?
1100 4299 1179 4354 Solve
1189 4299 1391 4369 agriculturam,
1409 4302 1474 4358 tolle
1485 4305 1628 4372 nauticam,
1641 4308 1717 4363 mitte
1729 4323 1773 4363 ar-

984 4398 1025 4443 tes
1036 4403 1146 4454 ontues,
1168 4405 1228 4460 quse
1246 4391 1280 4445 ad
1294 4392 1375 4447 uitam
1397 4393 1547 4461 pertinent,
1561 4409 1596 4451 ue
1608 4397 1642 4451 sit
1658 4397 1774 4454 archite-

983 4492 1059 4545 ctos,
1069 4497 1120 4535 non
1136 4483 1254 4548 amrius,
1271 4497 1324 4538 uon
1340 4491 1436 4549 teuton
1452 4499 1486 4541 ne
1500 4485 1568 4540 alius
1581 4487 1711 4559 quispiam
1725 4505 1772 4545 ar-

984 4582 1037 4628 tem
1060 4574 1205 4644 quamlibet
1225 4584 1320 4631 tractet
1338 4574 1372 4632 ad
1393 4576 1472 4631 uitam
1495 4589 1613 4632 nostram
1634 4581 1773 4636 conferen-

983 4673 1054 4730 tem,
1071 4674 1097 4721 et
1112 4677 1174 4722 tune
1187 4667 1258 4722 clare
1272 4667 1375 4724 ridebis
1386 4707 1394 4735 ,
1407 4668 1495 4738 qualia
1515 4669 1570 4724 sint
1584 4669 1629 4724 lati
1644 4671 1769 4740 pignora,

983 4765 1046 4811 tunc
1061 4755 1123 4811 illud
1137 4758 1246 4830 pul'clire
1260 4759 1369 4824 senties,
1386 4767 1448 4813 tunc
1462 4759 1521 4828 ejus
1533 4758 1772 4814 imtnntaltilitatem

983 4846 1137 4916 perspicies.
1152 4847 1204 4902 Sed
1222 4847 1284 4918 quid
1297 4858 1369 4904 artes
1381 4848 1459 4918 dico,
1473 4864 1534 4919 quar
1550 4850 1631 4904 ritem
1653 4861 1771 4906 attrstram

982 4937 1138 4992 continenti
1164 4939 1241 4993 Stent
1261 4947 1353 5005 artes,
1377 4940 1531 5010 nullamque
1559 4940 1700 5009 rensuum
1725 4940 1772 4996 sed

983 5029 1107 5085 omnibus
1129 5045 1178 5085 suo
1198 5030 1225 5084 iu
1247 5029 1341 5087 ordino
1358 5031 1545 5093 manentibus,
1573 5031 1684 5101 quisque
1707 5031 1772 5087 nibil

982 5135 1093 5176 suorum
1108 5127 1193 5186 curet,
1210 5135 1259 5176 uec
1271 5119 1306 5176 de
1318 5136 1348 5178 re
1362 5120 1507 5178 domestica
1521 5121 1556 5175 sit
1568 5121 1712 5184 sollicitus,
1725 5121 1772 5176 sou

983 5211 1072 5266 omnia
1082 5210 1136 5266 lato
1147 5211 1355 5280 administranda
1368 5211 1525 5276 marantittat,
1539 5219 1566 5265 et
1576 5209 1644 5266 ltattc
1654 5211 1713 5278 ejus
1724 5213 1774 5265 uti-

983 5301 1086 5356 litatem
1100 5301 1177 5363 sciet,
1194 5300 1300 5372 quando
1313 5309 1398 5356 tortos
1411 5299 1545 5369 ctllapris
1559 5315 1645 5354 casus
1660 5301 1771 5369 rectipal

983 5392 1087 5447 soluere
1102 5400 1222 5461 eoqemr,
1238 5401 1336 5447 etcum
1351 5397 1476 5460 nequeat,
1488 5389 1523 5443 ad
1535 5388 1581 5443 lati
1590 5388 1772 5446 defensionem

983 5481 1134 5552 confugiet,
1153 5481 1296 5551 ttullttsqne
1312 5480 1360 5550 ipsi
1376 5478 1505 5537 attendet.
1527 5478 1671 5548 Quousque
1685 5489 1774 5536 merite

985 5574 1060 5644 pueri
1080 5573 1199 5630 erimus?
1220 5585 1359 5643 quousque
1375 5567 1507 5624 delirandi
1523 5569 1670 5630 briennon
1689 5567 1771 5626 lacie-

986 5664 1067 5720 musl
1080 5677 1218 5734 quousque
1237 5677 1290 5716 non
1301 5673 1478 5732 agnoscemus
1491 5673 1661 5717 communem
1669 5657 1772 5728 uoui-
