4142 6342
239 382 289 440 iil

240 500 339 556 tionem
362 492 544 554 celebratam?
567 489 650 544 Tanta
665 503 708 542 rcs
721 493 762 541 est
777 483 883 556 eigilem
897 495 966 548 esse,
978 495 1030 538 nec

239 603 365 661 umquam
391 584 538 658 spiritualia
563 583 635 637 lucra
662 580 805 650 rtegligere,
828 575 1028 638 sedidoneum

174 698 177 702 ’
240 684 354 756 quodvis
379 689 484 748 tempus
510 676 543 732 ad
571 673 701 747 eiusmodi
727 681 858 743 questum
892 668 1026 724 arbitrari.

238 776 322 831 Recte
338 776 427 843 itaque
440 772 534 827 heatus
547 769 590 825 hic
601 769 667 824 dixit
680 767 811 833 scribens,
829 765 954 834 Quoniam
967 763 1027 817 dili·

237 864 351 940 pentibus
373 863 456 919 Deam
481 864 566 918 omnia
589 869 756 933 cooperantes
777 859 803 914 in
823 857 926 913 bonrtm.
953 855 1028 911 ilaue

236 959 413 1024 sententiam,
431 971 532 1029 queso,
556 969 604 1012 nos
615 968 709 1010 omnes
721 952 804 1009 menti
816 959 914 1006 nostre
928 947 1027 1003 inscul-

235 1060 308 1122 ptam
328 1049 456 1106 habentes
469 1061 615 1116 numquam
629 1044 809 1116 indignentur,
831 1041 853 1096 si
876 1037 981 1110 ‹puattdo
999 1037 1027 1092 in

235 1157 314 1200 ersus
335 1144 438 1212 aliquos
458 1141 585 1197 aduersos
607 1137 808 1202 incurrerimus,
830 1132 894 1188 dnm
921 1132 947 1186 in
975 1129 1026 1186 bac

235 1235 289 1290 rita
312 1248 462 1301 versamur,
483 1240 528 1288 aut
553 1233 579 1287 in
605 1230 779 1294 calamitates,
801 1225 888 1280 autin
907 1224 1028 1293 corporis

235 1328 417 1396 aegritudines,
440 1336 485 1380 aut
509 1326 536 1380 in
559 1339 603 1381 res
617 1325 684 1378 alias
696 1321 832 1386 molestas,
856 1315 904 1372 scd
918 1315 1027 1371 multam

235 1417 394 1474 exhibentes
421 1417 628 1473 rnoderationem
653 1412 735 1470 animi
759 1426 791 1467 ac
814 1407 1026 1479 philosophiam,

234 1513 318 1568 cuiuis
334 1513 477 1570 tentationi.
486 1513 654 1576 resistamus,
674 1524 735 1564 eum
760 1505 838 1562 nobis
860 1504 1027 1575 exploratum

235 1606 270 1660 sit
293 1607 417 1661 omnies
444 1613 518 1675 parte
540 1620 590 1659 nos
612 1616 691 1674 posse
715 1601 818 1655 lucrum
833 1609 980 1669 reportare,
1004 1598 1026 1653 si

234 1697 330 1767 vigiles
351 1708 378 1752 et
396 1697 490 1751 attenti
515 1694 658 1757 fuerimus,
679 1700 760 1763 atque
782 1707 815 1747 cx
837 1688 1028 1746 tentationibus

233 1789 410 1862 potiusquam
425 1803 457 1844 cx
472 1788 553 1842 rebus
565 1785 689 1842 secundis
706 1803 713 1838 :
729 1799 780 1840 nec
794 1774 927 1853 nmquam
938 1782 1029 1835 animo

233 1880 416 1951 euutidusutts,
425 1879 571 1949 cogitantes
581 1886 708 1950 quautam
721 1876 757 1932 sit
767 1873 903 1946 patientias
914 1873 1026 1940 luerunt,

609 371 638 428 s.
658 349 798 426 ruanhts
815 357 1052 422 cuntsosnout
1071 359 1229 419 arentur.
1249 357 1517 416 ounsrnnrmor.

1826 359 1876 418 lii

1083 494 1158 537 nere.
1181 476 1211 535 st
1230 492 1294 550 erqo
1317 491 1377 550 quae
1400 473 1551 534 inferuntur
1572 475 1641 532 mala
1656 489 1716 532 curn
1731 480 1875 548 gratiarum

1082 557 1188 628 actione
1200 569 1319 642 perlerre
1333 569 1476 640 possimus,
1492 584 1545 624 non
1570 569 1694 640 exiguum
1716 568 1875 628 delictorum

1082 673 1233 721 nostrorum
1260 671 1361 736 partem
1388 661 1547 717 delebimus.
1576 659 1603 718 Si
1626 662 1697 717 enirn
1721 661 1875 720 thesaurmu

1082 756 1162 824 hunc,
1189 765 1216 810 et
1230 754 1304 810 orbis
1318 765 1450 811 terrarum
1463 753 1602 810 doctorem
1618 753 1738 825 quotidie
1752 756 1876 826 periculis

1081 851 1161 924 objici
1176 866 1236 907 cum
1253 849 1358 906 rideret
1369 847 1507 914 hominus,
1531 847 1713 920 permittebat,
1737 865 1790 904 nou
1806 847 1877 920 quod

1080 942 1210 1000 athletam
1233 956 1311 996 suunt
1330 939 1491 1012 despiceret,
1516 938 1563 996 sed
1586 939 1657 1011 quod
1679 939 1784 1014 longius
1808 941 1878 998 illius

1080 1033 1172 1090 virtuti
1186 1032 1301 1088 stadium
1315 1039 1458 1098 sterneret,
1482 1040 1511 1087 ut
1533 1029 1729 1103 splendidiores
1747 1031 1784 1088 illi
1798 1049 1876 1088 coro·

1081 1143 1129 1184 aas
1142 1127 1265 1184 redderet
1281 1145 1288 1183 ε
1303 1127 1366 1198 quid
1379 1141 1429 1182 nos
1440 1126 1562 1182 dicemus
1581 1127 1626 1197 qni
1648 1127 1764 1197 peccatis
1788 1138 1876 1184 scate-

1081 1235 1141 1275 mus
1165 1220 1324 1288 irtnnmeris,
1349 1219 1497 1276 etidcirco
1518 1217 1673 1290 frequenter
1687 1219 1878 1276 tentationibas

1075 1313 1275 1394 ‘conliictamuq
1292 1319 1320 1366 ιιι
1334 1326 1393 1367 cum
1408 1326 1501 1367 eorum
1515 1325 1595 1366 eausa
1608 1326 1702 1382 poettas
1711 1310 1876 1380 dederimus,

1080 1406 1174 1460 saltem
1194 1404 1309 1474 aliquam
1331 1401 1521 1459 misericordiae
1537 1409 1640 1473 partem
1653 1402 1776 1474 exiguam
1788 1403 1875 1473 impe-

1081 1503 1194 1563 tremus,
1219 1503 1246 1550 ot
1259 1494 1285 1550 in
1301 1495 1347 1551 illo
1361 1493 1404 1548 die
1418 1493 1560 1550 tremendo
1574 1493 1653 1550 honis
1666 1493 1720 1552 illis
1735 1493 1877 1550 ineffabili·

1081 1588 1130 1644 bus
1154 1587 1344 1658 perfruamur?
1370 1587 1434 1643 llaec
1457 1596 1547 1642 autent
1572 1602 1633 1643 cunr
1659 1586 1755 1643 animis
1779 1588 1877 1644 nostris

1081 1690 1245 1752 reputantes,
1268 1681 1396 1737 adversus
1413 1679 1502 1734 startia
1524 1689 1679 1737 constanter
1695 1679 1878 1754 patienterque

1080 1775 1246 1840 resistamus,
1273 1784 1302 1830 ιιι
1322 1781 1350 1830 et
1372 1773 1520 1830 tolerantiae
1546 1773 1698 1830 mercedem
1726 1773 1877 1846 abeniqno

1082 1865 1193 1922 Domino
1215 1867 1386 1938 recipiamus,
1411 1879 1438 1922 et
1454 1876 1624 1936 peccatorum
1639 1878 1792 1923 nostrorum
1808 1868 1876 1924 mul·

236 1979 282 2035 sed
312 1995 361 2034 nee
382 1979 434 2034 illis
458 1978 541 2033 simtts
563 1971 672 2036 hiiensi,
696 1969 741 2039 qui
765 1965 954 2024 tentationibus
979 1979 1028 2020 nos
1081 1959 1222 2014 titudinem
1238 1959 1397 2014 imminuere
1413 1959 1555 2030 possimus,
1570 1969 1597 2014 et
1611 1969 1710 2016 aeterua
1728 1961 1799 2016 huna
1812 1977 1876 2017 oon·

234 2069 368 2127 divexant,
384 2070 459 2126 Licet
482 2069 552 2124 enim
574 2069 612 2123 mi
634 2068 723 2131 earnm,
751 2069 779 2120 nt
794 2057 934 2115 consilinm
949 2071 1027 2110 sunm
1080 2054 1168 2125 sequi,
1191 2055 1275 2124 qratia
1289 2063 1318 2111 et
1330 2051 1494 2126 benignitate
1509 2053 1615 2110 bontini
1631 2054 1715 2109 nostri
1728 2053 1877 2111 JesuChri·

234 2163 369 2235 expleant,
394 2163 420 2218 id
444 2171 523 2234 agant
538 2180 543 2216 :
560 2161 708 2218 communis
730 2169 817 2214 tamen
833 2157 960 2215 llonrirms
976 2154 1028 2210 hoc
1080 2150 1125 2216 sti,
1150 2163 1279 2219 euntque
1295 2147 1377 2214 Patri,
1405 2145 1537 2218 sinmlque
1549 2145 1660 2219 Spiritui
1677 2156 1771 2202 sancto
1782 2145 1876 2217 gloria,

233 2255 375 2326 permittit,
398 2254 468 2325 quod
491 2269 541 2310 nos
562 2251 628 2308 uelit
652 2251 703 2306 bae
728 2250 831 2305 ratione
858 2246 1025 2319 spiritualem
1080 2243 1234 2316 imperitant,
1260 2250 1287 2297 et
1300 2241 1397 2310 honor,
1412 2255 1483 2296 nunc
1496 2249 1524 2296 et
1535 2256 1653 2312 semper,
1678 2251 1705 2298 et
1729 2239 1878 2296 insaecula

232 2345 308 2404 huuc
320 2355 450 2419 quaestum
466 2346 561 2412 lacero,
572 2359 605 2399 ae
622 2341 757 2415 patientie
782 2339 934 2396 mercedem
956 2338 1026 2395 ohti·
1080 2335 1249 2390 saecularum.
1267 2335 1363 2390 Amen.

241 2477 1877 2544 Μ

809 2597 1153 2663 ronoumttmm
1175 2597 1306 2673 tutuo,
1827 2551 1831 2560 ’

636 2747 673 2804 Sl
694 2741 901 2804 estttttutttt
920 2737 1099 2797 tnttttctts
1120 2739 1227 2808 tuus
1247 2739 1330 2797 6le
1348 2739 1479 2810 thebe,

825 2905 1296 3050 montrum.
1366 2880 1427 3006 s

268 3142 344 3203 Licet
358 3145 393 3202 de
406 3159 487 3211 anuo,
502 3159 556 3216 quo
568 3141 638 3198 hanc
649 3141 857 3216 chrysostomus
872 3144 1029 3214 pronuntia·
1080 3161 1147 3215 quos
1173 3145 1280 3217 egregia
1306 3141 1424 3200 retundit
1441 3139 1673 3214 chrysostomus:
1701 3137 1723 3192 si
1751 3137 1824 3192 calor
1848 3137 1876 3194 itt

234 3238 432 3301 rithotniliam,
447 3235 513 3292 nihil
525 3236 682 3302 habeamus,
708 3235 811 3302 exiis,
836 3251 896 3307 quae
914 3252 988 3292 uum.
1009 3239 1027 3293 l
1080 3252 1160 3294 eausa
1179 3246 1231 3305 est,
1258 3235 1354 3308 inquit,
1376 3250 1424 3291 eur
1442 3233 1510 3290 adeo
1525 3229 1699 3303 frequentatis
1715 3229 1810 3298 iorum,
1830 3227 1874 3286 ubi

234 3331 344 3401 lttrjnsce
369 3327 505 3384 concionis
526 3326 651 3384 dicuntur
672 3327 705 3382 de
728 3329 899 3398 imperatoria
925 3329 1025 3396 Curia,

232 3415 319 3494 deque
332 3422 438 3478 militari
451 3421 576 3479 satellitio
587 3421 767 3492 imperatoris,
791 3439 822 3480 ea
834 3422 1025 3479 Constantino-

233 3514 287 3581 poli
302 3513 391 3568 hahita
405 3511 488 3568 luisse
500 3512 726 3585 deprehendam
738 3523 764 3569 et
776 3513 893 3586 quidem,
908 3523 939 3570 ut
950 3530 1024 3569 nunt.

231 3607 418 3672 hnarratur,
442 3617 534 3663 aestate
557 3622 680 3678 maguum
707 3605 734 3662 in
758 3605 906 3679 frequentia
934 3606 1024 3678 populi

232 3712 326 3758 aestum
339 3701 476 3770 pariente,·
490 3715 569 3771 quam
583 3698 763 3756 obtendebant
775 3714 883 3756 arrasam
893 3698 1026 3754 Constan-

233 3794 408 3865 tinopolitaui,
425 3809 486 3850 eum
499 3801 655 3863 quereretur
665 3791 871 3864 chrysostomus
884 3790 1024 3846 eeclesiam

231 3903 285 3944 aton
299 3886 471 3958 frequentari,
482 3887 656 3957 multosquea
668 3885 841 3942 coticionibus
852 3884 947 3940 abesse
957 3885 1024 3940 suis:

1080 3340 1170 3399 aestus,
1186 3330 1324 3402 strepitus,
1339 3327 1416 3386 turha
1430 3327 1521 3399 populi
1540 3334 1623 3394 tanta,
1647 3325 1719 3380 nulla
1734 3339 1764 3380 rc
1776 3323 1877 3380 solares

1078 3422 1169 3478 radios
1185 3421 1327 3478 cohibente
1343 3438 1350 3475 :
1366 3428 1536 3476 cumcontra
1551 3418 1674 3484 eeclesia,
1696 3415 1801 3472 obi'ille
1814 3429 1878 3471 oon·

1078 3514 1244 3582 cionabatur,
1273 3513 1419 3586 perampla,
1442 3512 1507 3577 alta,
1528 3510 1626 3576 tabulis
1648 3519 1730 3566 strata
1753 3507 1874 3579 lapideis,

1080 3615 1174 3664 aestum
1190 3623 1243 3664 non
1258 3607 1363 3663 modice
1378 3613 1551 3677 temperaret.
1579 3604 1646 3658 llinc
1660 3603 1694 3658 de
1709 3601 1877 3658 inimieorum

1079 3697 1230 3761 dilectione,
1256 3697 1342 3768 deque
1356 3696 1493 3753 benellciis
1506 3695 1532 3751 in
1549 3693 1609 3751 illos
1624 3691 1795 3750 cartlereadis
1808 3705 1875 3762 praa-

1079 3791 1150 3847 clare
1163 3805 1210 3861 pro
1223 3805 1298 3846 more
1311 3789 1440 3861 loquitur.

1115 3881 1301 3953 lnterpretatio
1316 3880 1409 3935 Latina
1422 3886 1464 3935 est
1478 3876 1620 3934 Frontonis
1635 3875 1734 3934 llucaei.

817 4101 1092 4194 auvensus
1116 4118 1228 4209 Eue,

233 4287 288 4344 cut
308 4288 351 4334 aa
371 4286 555 4334 conseruat
575 4287 638 4332 ιιοιι
659 4286 901 4344 occunansunn,
925 4289 967 4332 nr
987 4289 1021 4334 nt
1043 4287 1164 4334 ntcrutr
1193 4289 1287 4333 tutus
1309 4283 1472 4344 nausson,
1494 4285 1520 4332 st
1543 4283 1713 4330 ssuntmur
1734 4283 1876 4330 mrutcus

464 4389 555 4447 auus,
578 4389 650 4433 ctas
671 4387 769 4432 retunt
792 4368 906 4450 (Rom.
930 4369 979 4442 12,
1002 4369 1043 4432 20
1058 4367 1083 4452 ),
1101 4383 1142 4433 nr
1164 4389 1205 4432 os
1227 4387 1469 4435 tututctrtrnutr
1491 4385 1651 4432 unuonta.

854 4519 1243 4564 *oo-...—

278 4646 304 4702 l.
332 4642 490 4698 Panchatem
513 4644 658 4698 auditarum
677 4641 789 4712 queritur
814 4638 1024 4712 (ΣΙιιψιιιιιιιιιιιι,Ι

237 4735 377 4808 appianae·
389 4738 532 4791 auditarum
552 4733 659 4806 respuit.
682 4731 860 4801 Prooemium,
885 4731 963 4790 Gutta
984 4751 1027 4790 aa·

236 4838 278 4883 eat
299 4828 419 4900 lapidem.
441 4826 585 4890 -Nihil,
606 4835 636 4881 ut
662 4824 784 4892 ridetur,
809 4826 886 4881 nobis
907 4827 1025 4896 proluit,

237 4920 308 4990 quod
342 4933 493 4977 sennonem
521 4917 629 4988 longum
657 4927 744 4987 nuper
779 4916 969 4985 habuerimus,
997 4927 1027 4973 ut

237 5021 355 5068 restrum
378 5011 412 5066 ad
447 5009 575 5065 collectas
601 5007 725 5082 molendi
751 5007 867 5064 studium
893 5011 1027 5064 excitare·

237 5121 297 5162 mus
312 5087 428 5163 :rursus
446 5103 517 5160 enim
536 5100 614 5158 nohis
632 5103 694 5158 liliis
706 5103 763 5158 suis
774 5103 887 5159 ecelesia
901 5102 1027 5158 destituta

236 5209 288 5254 est.
302 5199 361 5266 Quo
372 5197 403 5253 lit
414 5208 443 5253 ut
456 5212 549 5252 rursus
561 5196 640 5251 etiarn
653 5197 742 5269 granis
753 5211 785 5252 ac
798 5195 929 5252 molestus
940 5193 1026 5250 rideri

236 5307 327 5364 cogar,
339 5292 400 5348 site
419 5291 482 5345 dum
498 5295 647 5358 presentes
668 5289 781 5359 castigo,
806 5288 864 5344 sive
881 5286 945 5343 dum
965 5284 1027 5340 abs·

237 5391 315 5439 etttes
341 5378 508 5452 reprehendo
528 5397 536 5434 ε
558 5378 619 5434 illos
642 5379 768 5450 quidem,
793 5377 866 5447 quod
892 5376 1025 5447 pigritiam

236 5491 292 5532 non
312 5473 498 5539 excusserint,
520 5487 567 5530 uas
593 5486 657 5529 rero
682 5471 753 5542 quod
777 5469 889 5526 salutem
914 5467 1025 5523 hatrum

235 5580 290 5624 non
310 5565 420 5621 curetis.
446 5562 542 5620 Granis
560 5579 592 5618 ac
615 5559 842 5617 molestusvideri
854 5572 947 5629 cogor,
972 5573 1026 5613 non

234 5671 296 5715 mea
309 5656 351 5713 tel
364 5671 481 5711 mearum
494 5653 704 5726 possessionum,
719 5650 767 5707 sed
780 5659 868 5706 restra
880 5650 1026 5722 salutisque

234 5758 333 5808 vestrae
354 5764 445 5816 musa,
468 5761 521 5818 qua
544 5743 610 5801 mihi
631 5743 697 5800 nihil
721 5751 763 5801 est
785 5741 1025 5816 antiquiusdiqm

234 5839 307 5902 teat
316 5842 362 5912 qui
372 5841 454 5906 tolet,
465 5839 646 5910 importunum
661 5847 689 5896 et
701 5837 883 5910 impudentem
897 5823 1024 5910 appellem

1081 4660 1205 4718 egerere
1221 4659 1327 4716 semper
1353 4644 1403 4700 hac
1423 4643 1457 4701 de
1471 4659 1550 4701 eausa
1574 4645 1725 4700 molestiam
1748 4643 1874 4700 exhibere

1081 4753 1135 4794 nun
1159 4736 1289 4805 desinam,
1315 4736 1380 4793 nihil
1403 4737 1473 4792 enim
1498 4735 1548 4792 hac
1561 4736 1723 4806 impudentia
1738 4734 1803 4790 mihi
1817 4734 1874 4790 iru-

1082 4828 1201 4884 ctuosius
1212 4841 1272 4884 esse
1286 4836 1384 4898 potest.
1407 4827 1534 4884 Fortasse
1549 4843 1672 4898 namque,
1698 4826 1822 4890 sortasse,
1851 4825 1873 4882 si

1082 4921 1171 4977 minus
1185 4921 1295 4977 alterius
1308 4920 1358 4988 rei,
1386 4920 1480 4975 saltent
1497 4919 1575 4991 itatius
1587 4935 1634 4975 uos
1648 4918 1766 4991 pudebit,
1791 4925 1820 4974 ut
1842 4933 1875 4973 nc

1081 5027 1188 5083 semper
1210 5010 1330 5082 eamdem
1353 5010 1388 5066 ob
1405 5026 1512 5068 causam
1527 5011 1647 5070 tttolestia
1661 5011 1736 5066 robis
1750 5009 1875 5066 exhibea·

1080 5111 1134 5167 tur,
1162 5109 1190 5157 et
1214 5115 1305 5157 euram
1330 5101 1427 5159 iratres
1453 5111 1557 5160 uestros
1577 5103 1685 5174 iuvandi
1712 5101 1872 5172 suscipietis.

1080 5193 1149 5262 Quid
1163 5193 1234 5248 enim
1249 5192 1314 5250 mibi
1330 5193 1422 5250 landes
1435 5205 1556 5264 prosunt,
1579 5209 1639 5250 cum
1660 5210 1708 5250 vos
1729 5195 1757 5249 in
1777 5194 1875 5248 virttrte

1080 5284 1168 5339 iacere
1192 5299 1347 5356 progressus
1373 5300 1427 5342 non
1451 5285 1578 5341 rideam?
1602 5284 1679 5355 Quod
1708 5299 1773 5342 nero
1808 5283 1873 5339 mihi

1079 5375 1206 5432 damnum
1221 5377 1307 5432 oritur
1319 5393 1352 5433 ox
1366 5377 1474 5434 silentio
1497 5377 1660 5444 auditorum,
1675 5393 1735 5434 cum
1756 5385 1873 5433 nestram

1080 5467 1172 5538 augeri
1192 5470 1355 5540 conspiciam
1377 5469 1523 5542 pietatem?
1548 5469 1619 5526 Laus
1640 5471 1741 5542 quippe
1759 5469 1873 5527 dicentis

1080 5570 1133 5632 est,
1148 5578 1201 5619 nota
1216 5563 1370 5634 applausus.
1396 5562 1445 5619 sed
1470 5563 1621 5620 auditorum
1645 5563 1672 5619 in
1688 5565 1786 5634 pietate
1799 5563 1873 5618 zelus

1081 5669 1114 5710 ae
1138 5654 1275 5723 studiutu;
1304 5671 1356 5710 non
1380 5653 1508 5712 tumultus
1529 5655 1671 5723 excitatus,
1685 5665 1873 5726 qnotempore

1080 5761 1170 5804 sermo
1189 5746 1305 5813 auditur,
1327 5745 1374 5801 sed
1387 5745 1503 5805 studium
1517 5761 1549 5803 ac
1561 5747 1707 5818 diligentia,
1724 5761 1784 5818 quse
1799 5744 1873 5802 omiti

1080 5850 1199 5913 tempore
1208 5838 1359 5898 eslribetur.
1367 5837 1516 5910 applausus
1528 5854 1561 5895 ex
1576 5853 1623 5896 ore
1634 5838 1716 5898 simul
1725 5837 1872 5911 egreditur,
