4142 6342
382 385 436 449 158
707 405 710 416 “
737 385 767 446 S·
788 379 929 447 tdllldls
943 378 1181 440 elllllsoslulll
1197 377 1358 440 sectiles.
1376 383 1651 445 codsrhltrlrlol’.

382 503 509 585 scripsi.
536 501 693 566 Ceuclum
717 501 775 568 uhi
792 501 983 564 deficiebant
996 501 1098 564 rerba
1119 500 1241 572 Graeca,
1257 517 1362 564 vacua
1375 500 1603 565 columnarum
1615 501 1722 582 spatia
1732 503 1927 596 reliquisse,

348 633 362 678 4
381 601 526 647 sussum
550 599 589 646 ua
603 581 743 662 punctis,
760 589 818 645 ant
844 581 986 654 lineolis,
1014 581 1099 643 sicut
1126 580 1337 647 librariorum
1361 599 1433 644 mos
1447 587 1509 654 est,
1522 582 1656 660 repleri,
1680 587 1718 644 ut
1732 587 1927 662 possiutinihir

352 690 362 755 3
380 661 497 725 eruditi
511 664 612 726 rerba
624 663 735 726 Graeca
749 662 943 736 adscribere,
959 659 1132 740 siquando
1147 677 1186 725 ea
1211 661 1406 725 invenerint.
1424 660 1506 725 Cum
1521 662 1610 724 enirn
1623 664 1835 742 experimento
1846 678 1927 737 noceri

350 758 358 826 ς
379 758 446 822 qno
459 757 550 816 casu,
566 757 674 820 quave
691 743 822 806 lurtnna
836 743 871 804 in
886 759 926 804 ea
942 759 1015 820 ques
1038 741 1164 804 attexui
1182 741 1368 804 testimonia
1390 741 1558 810 inciderim
1568 758 1663 816 ,non
1675 742 1804 822 despero
1815 748 1927 819 ahaliiss

350 827 357 840 '
379 839 478 916 posse
496 820 812 901 invenirifluisque
825 822 1015 902 experiatur
1028 823 1081 884 cui
1094 820 1226 884 fortuna
1240 822 1303 883 erit
1315 820 1497 894 faventium
1520 825 1553 884 et
1577 820 1606 882 si
1623 821 1678 883 cui
1692 839 1731 884 ea
1746 825 1927 897 obsecundare

378 919 405 964 rs
433 919 476 966 no
490 900 622 982 publico
637 902 779 965 invideat
793 946 802 977 ,
817 919 925 981 neque
944 899 1030 982 apud
1057 919 1093 962 se
1116 900 1249 962 inventa
1273 901 1424 979 privatim
1450 901 1603 964 detineat.
1626 901 1690 976 Qui
1704 908 1819 966 veteres
1833 905 1927 978 librom

378 986 492 1056 etant,
522 987 643 1046 norunt
672 983 794 1046 nuliam
821 982 940 1044 veteris
967 980 1201 1060 cujuscumque
1222 979 1296 1042 iihri
1324 981 1525 1051 editionem,
1547 997 1623 1060 qum
1656 999 1699 1042 ex
1727 983 1818 1044 unico
1840 997 1927 1070 erenpl

356 1122 359 1142 2
379 1060 478 1124 inerit
504 1069 619 1136 eruta,
636 1062 807 1142 hucusque
821 1061 980 1142 prodiisse
996 1061 1085 1122 omni
1112 1079 1154 1122 ex
1167 1065 1260 1139 parte
1281 1060 1467 1140 perlectam.
1484 1060 1584 1124 htanu
1599 1061 1730 1124 amati
1751 1060 1865 1127 Codices
1877 1081 1927 1135 uuir

378 1141 519 1204 aliorum
547 1146 729 1235 exposcunt
753 1159 883 1221 operas,
900 1141 1035 1220 utquod
1062 1140 1096 1201 in
1124 1157 1192 1202 uno
1217 1146 1407 1219 corruptum
1430 1145 1491 1217 est,
1508 1142 1551 1204 ab
1565 1141 1927 1222 atiosanetnr3quodinr

352 1226 522 1283 »vetustas
540 1222 771 1294 obliteraverit,
787 1223 830 1284 ab
844 1222 910 1284 alio
924 1221 1030 1284 lucem
1045 1219 1195 1298 accipiat.
1208 1219 1279 1282 lloc
1293 1237 1407 1282 verum
1421 1238 1494 1284 esse
1511 1220 1552 1282 de
1565 1220 1685 1284 Codice
1709 1220 1804 1300 hujus
1823 1227 1923 1302 epistole

377 1302 437 1362 teri
449 1317 559 1381 cogor,
575 1301 633 1380 qui
646 1303 722 1364 licet
735 1303 778 1364 sit
792 1317 955 1364 annornm
965 1299 1026 1362 500
1037 1344 1047 1373 ,
1060 1317 1177 1378 parum
1188 1303 1299 1362 tamen
1310 1298 1479 1362 emendate
1496 1300 1637 1380 scriptus
1651 1302 1714 1373 est,
1727 1304 1760 1363 et
1774 1319 1857 1379 opem
1867 1322 1882 1368 a
1892 1309 1927 1373 dn

376 1381 541 1461 precipua
562 1379 690 1456 Codice,
706 1388 763 1444 unt
776 1383 818 1445 ab
831 1382 896 1444 alio
910 1381 1025 1444 saltem
1036 1379 1166 1452 Latino,
1178 1380 1335 1460 postulat.
1345 1379 1384 1442 ln
1396 1397 1435 1442 eo
1472 1397 1548 1442 uem
1563 1379 1641 1455 vidi,
1659 1379 1829 1460 aliquando
1840 1401 1927 1449 rosea

376 1462 477 1524 tinuas
492 1465 580 1534 sunt,
596 1461 772 1540 aliquando
800 1461 939 1540 simplex
967 1459 1090 1524 vocalis
1108 1459 1135 1520 E
1160 1476 1222 1539 pro
1233 1458 1435 1540 diphthongo
1503 1459 1625 1539 scripta
1640 1459 1720 1534 luit3
1735 1461 1760 1522 Τ
1778 1478 1833 1540 pro
1851 1463 1927 1536 lter

376 1558 473 1604 versa
486 1541 514 1602 D
529 1558 589 1620 pro
612 1542 661 1613 T;
679 1541 784 1604 verbis
800 1540 976 1620 aliquando
1002 1539 1047 1601 ita
1074 1539 1257 1632 corruptis,
1284 1544 1322 1600 ut
1349 1537 1389 1602 ad
1417 1540 1589 1602 sanitatem
1615 1539 1729 1602 reduci
1750 1542 1868 1603 minime
1885 1564 1927 1622 pou

375 1620 502 1699 absque
530 1619 675 1683 subsidio
692 1621 833 1698 aliorum
844 1619 1010 1682 Codicum.
1026 1620 1105 1695 Qum
1119 1621 1302 1681 scrrharnur
1314 1619 1443 1682 incuria
1459 1618 1637 1692 deterruit,
1651 1621 1779 1699 opinor,
1793 1622 1927 1687 Petmnll

375 1703 390 1759 t
413 1717 482 1760 rem
497 1702 540 1764 ab
554 1717 593 1762 ea
608 1698 742 1763 edenda.
763 1701 869 1762 Taceo
885 1699 1196 1778 interpretationem,
1235 1715 1287 1761 nse
1310 1699 1420 1761 miuus
1441 1705 1608 1773 accurata,
1632 1699 1701 1760 imo
1717 1699 1927 1778 plancharhan¹

396 1787 481 1841 etur.
498 1780 566 1860 Ego
593 1778 642 1842 his
669 1781 822 1842 omnihus
838 1779 937 1842 naevis
951 1779 1089 1842 lectores
1102 1715 1278 1840 beneririos
1295 1795 1507 1858 nequaqnam
1520 1778 1684 1842 offensum
1694 1779 1735 1840 iri
1749 1780 1927 1845 arbitratum

376 1859 444 1920 imo
459 1875 532 1922 eam
548 1859 687 1921 libenter
701 1863 894 1938 excepturos
915 1865 994 1939 putu
1008 1875 1108 1937 quam
1132 1857 1249 1922 damus
1274 1858 1448 1936 epistelam
1463 1859 1580 1922 Latine
1600 1875 1738 1939 quoquo
1757 1859 1844 1920 medo
1867 1879 1927 1924 rena

375 1938 469 2018 cnjus
485 1937 740 2018 fragmentuma
763 1941 858 2000 Petro
885 1939 970 2002 Mart
993 1957 1029 2000 re
1051 1937 1191 2012 editum,
1218 1936 1422 2000 eruditurum
1443 1939 1570 2002 animes
1587 1937 1717 2017 pridem
1744 1938 1927 2016 sollicitanti

375 2019 464 2080 enim
478 2018 559 2079 illud
574 2035 649 2081 cnm
668 2019 793 2098 legerit,
809 2019 945 2081 Juannis
966 1959 1188 2098 ghrysostumi
1212 2023 1354 2080 mentem
1378 2019 1546 2098 percipere
1571 2020 1690 2096 queat,
1706 2035 1748 2079 er
1765 2035 1859 2096 eoque
1874 2022 1927 2083 auin

375 2103 514 2170 vertere,
529 2115 596 2177 qua
616 2100 799 2171 occasione,
818 2114 885 2176 quo
900 2099 1010 2161 animo
1026 2097 1097 2178 ejus
1114 2098 1213 2160 verba
1225 2097 1345 2176 scripta
1360 2100 1461 2160 sunt?
1483 2099 1520 2159 ln
1533 2114 1573 2161 ea
1587 2114 1689 2177 porro
1706 2098 1838 2176 epistola
1857 2099 1927 2161 uliud

375 2184 427 2240 cet
439 2195 600 2240 summam
613 2183 645 2240 et
659 2177 824 2239 insolitam
837 2178 896 2238 Dei
911 2177 1127 2240 amantissimi
1142 2177 1205 2237 viri
1225 2175 1406 2252 caritatem,
1420 2178 1477 2257 qui
1498 2176 1574 2240 licet
1597 2178 1780 2240 innumeris
1801 2181 1927 2240 erumnis

375 2273 508 2334 pressus
524 2262 620 2332 esset,
636 2262 735 2336 atque
750 2257 913 2319 continuis
926 2257 1106 2319 lemuribus
1121 2257 1164 2318 oh
1180 2257 1370 2319 isaurorum
1382 2257 1601 2330 incursiones,
1620 2263 1659 2318 ut
1676 2257 1747 2336 ipse
1773 2258 1874 2318 scribit
1890 2259 1922 2316 in

374 2337 467 2398 stolis
495 2335 535 2398 ad
551 2332 787 2416 Olympiadem,
803 2355 885 2416 pene
899 2337 1154 2408 exanimaretur,
1171 2335 1383 2400 nibilominus
1398 2355 1473 2399 cnm
1485 2337 1629 2400 audisset
1641 2337 1815 2400 Casarium
1832 2353 1914 2396 mona

373 2415 517 2477 amicum
532 2433 629 2478 sunm
643 2416 677 2477 in
698 2416 895 2496 Apollinaris
906 2422 938 2478 et
950 2416 1213 2498 Syeueiostorum
1238 2416 1390 2480 haeresim
1413 2416 1577 2492 incidisse,
1600 2434 1680 2478 eum
1704 2433 1763 2494 pro
1781 2415 1906 2477 incredibi

373 2495 519 2558 bonitate
532 2498 574 2559 ah
589 2495 705 2558 heresi
726 2500 873 2558 avertere
887 2500 985 2575 atque
998 2497 1031 2557 in
1046 2497 1181 2559 sincerae
1198 2496 1327 2576 pietatis
1342 2497 1427 2561 viam
1441 2513 1597 2561 revocare
1613 2495 1676 2558 hac
1689 2496 1820 2575 epistola
1830 2495 1914 2555 molitu

373 2573 540 2650 Quantum
548 2591 627 2638 vero
635 2575 834 2654 Apollinaris
841 2576 973 2638 haeresis
988 2579 1058 2637 tum
1069 2579 1288 2656 grassaretur,
1299 2582 1332 2638 et
1345 2593 1444 2655 quam
1453 2576 1571 2639 multos
1586 2577 1858 2648 invasisset,ereo
1869 2576 1919 2635 ruli

374 2653 462 2728 lieet,
486 2653 573 2736 quud
590 2661 705 2718 contra
721 2655 971 2734 Apollinaristas
986 2661 1017 2716 et
1032 2655 1239 2735 synusiastas
1269 2655 1470 2736 scripserunt
1489 2656 1653 2718 Diodorus
1668 2655 1831 2718 'tarsensis
1843 2656 1911 2732 episc

375 2751 475 2812 quem
488 2753 590 2814 snpra
604 2735 798 2810 memoravi,
811 2735 987 2816 Gregorius
1002 2735 1182 2815 Nyssenus,
1198 2735 1339 2817 Cyrillus
1354 2734 1614 2811 Alexandrinus,
1630 2735 1817 2798 Theodorus
1832 2734 1898 2810 ldops

374 2831 451 2888 nus,
469 2815 670 2895 Theophilus
696 2814 937 2888 Antiochensis,
954 2817 989 2876 ut
1004 2815 1086 2877 alios
1104 2815 1216 2895 plnres
1233 2815 1392 2879 omittam.
1416 2818 1523 2894 Atque
1536 2820 1574 2878 nt
1595 2818 1640 2878 ah
1668 2832 1709 2878 eo
1733 2813 1866 2878 erroreC
1914 2815 1916 2823 ’

286 2891 289 2900 ’
374 2895 546 2958 resecaret
570 2895 726 2971 ioannes,
740 2911 881 2974 eumque
907 2893 947 2956 ud
963 2895 1156 2957 catholicam
1177 2893 1472 2974 tidem,qurednas
1492 2896 1526 2958 in
1539 2894 1672 2958 Christo
1693 2899 1822 2957 naturas
1838 2893 1903 2954 incon

376 2974 439 3035 sub
466 2991 533 3036 nna
555 2991 698 3054 persona
710 2973 895 3047 confitetur,
910 2974 1049 3054 epistula
1063 2974 1244 3052 reduceret,
1259 2975 1537 3067 comparationem
1551 2975 1594 3039 ib
1603 2972 1815 3037 Eucharistin
1825 2986 1927 3059 sacram

374 3057 557 3126 mutuatur,
568 3057 608 3126 in,
628 3071 695 3134 quo
744 3053 815 3117 anis
831 3057 905 3148 pest
931 3055 1212 3117 consecrationem
1237 3072 1305 3117 non
1326 3073 1394 3137 Jam
1415 3053 1524 3135 panis,
1539 3053 1596 3117 sed
1608 3072 1731 3135 corpus
1744 3052 1846 3115 Christi
1856 3049 1927 3128 appele

374 3132 492 3213 diguus
512 3133 670 3206 etsrcitur3
738 3134 841 3198 tiamsi
869 3141 987 3196 reaturo
1033 3135 1116 3208 eois,
1130 3134 1307 3232 inquihqr
1332 3135 1401 3216 ipso
1421 3134 1606 3214 peremerit,
1623 3131 1927 3209 etnocduorerporm

375 3229 476 3274 unum
490 3231 607 3315 corpus
621 3213 707 3277 Filii
716 3213 925 3295 predicatur.
947 3153 1072 3289 Quissns
1087 3214 1196 3277 verbis
1218 3221 1351 3278 sanctus
1368 3215 1482 3278 doctor
1498 3233 1609 3279 seram
1632 3232 1674 3278 nc
1699 3214 1926 3286 reelemmtma

309 3369 311 3376 Ι
374 3293 522 3372 corporis
538 3293 656 3356 Christi
688 3295 723 3355 in
747 3293 954 3357 Eucharistia
977 3295 1184 3373 presentiam
1205 3295 1372 3374 supponit,
1397 3300 1429 3358 et
1444 3295 1616 3376 agnoscit3
1633 3296 1718 3358 alias
1737 3298 1823 3356 certe·
1837 3290 1927 3351 nuliam

372 3391 449 3434 enm
468 3373 612 3437 humana
640 3390 679 3436 ac
702 3374 811 3436 divina
832 3373 865 3434 in
889 3372 1018 3435 Christo
1050 3379 1170 3437 natura
1196 3373 1410 3437 Eucharistiae
1439 3375 1653 3454 comparatio.
1690 3375 1763 3454 lpse
1786 3371 1888 3450 Chryses

373 3451 471 3514 Hom.
486 3452 507 3511 2
521 3452 561 3514 ad
574 3453 686 3532 popul.
703 3453 955 3515 Antiochensem
973 3473 981 3512 ε
1000 3453 1112 3516 Helias
1127 3454 1209 3516 euim
1229 3454 1367 3534 pallium
1379 3453 1508 3536 reliquit
1523 3454 1683 3535 dissipato
1697 3471 1772 3521 ruo,
1785 3445 1919 3512 Deimtesi

374 3529 438 3594 iius
452 3531 619 3594 usceaderes
635 3533 669 3594 ie
693 3531 800 3594 ectum
827 3531 918 3594 nohis
946 3550 1072 3594 curnem
1098 3550 1187 3593 suem
1211 3535 1365 3614 reliquit:
1380 3535 1435 3596 sed
1456 3534 1569 3598 Helius
1585 3553 1618 3596 re
1631 3535 1723 3596 exuit
1737 3555 1749 3602 ,-
1765 3530 1913 3611 cerotem

374 3627 500 3672 curnem
513 3629 600 3672 suom
613 3609 704 3673 notis
716 3611 857 3692 reliquit,
879 3611 892 3674 i
913 3630 1039 3694 sumque
1049 3611 1163 3674 hebens
1177 3615 1330 3676 escendit.
1346 3613 1387 3676 Et
1407 3614 1501 3675 llom.
1520 3613 1562 3676 83
1579 3616 1613 3676 in
1638 3613 1821 3678 hiatthrenm
1834 3631 1840 3669 :
1854 3608 1924 3669 lim

374 3691 410 3752 in
424 3690 581 3772 mysteriis
591 3689 758 3773 sociamus,
772 3691 839 3752 nore
853 3631 912 3754 mg
924 3710 991 3773 pure
1006 3700 1078 3753 ante
1098 3711 1158 3754 cos
1171 3692 1282 3772 jaceret
1297 3693 1489 3758 solummodo
1508 3693 1698 3774 uspicientes
1710 3739 1719 3762 ,
1733 3691 1785 3752 sed
1801 3685 1922 3765 vespm

373 3769 442 3831 e‘m
456 3778 601 3832 tementes.
617 3770 700 3834 Nom
709 3780 738 3833 et
751 3769 855 3834 verbis
871 3771 940 3851 ejus
955 3771 1140 3852 defraudari
1163 3791 1230 3834 eoa
1243 3791 1420 3852 possumus,
1441 3791 1550 3835 renem
1572 3791 1647 3836 vero
1668 3780 1774 3835 noster
1793 3758 1914 3845 despit

373 3789 527 3916 timerem
541 3871 551 3912 .·
566 3851 625 3915 illa
640 3850 720 3932 [uisa
743 3870 806 3913 esse
833 3870 900 3913 eeu
925 3860 1078 3932 possent,
1106 3851 1157 3914 hic
1185 3853 1298 3933 sepios
1319 3861 1412 3934 etque
1436 3853 1550 3934 septus
1563 3854 1703 3948 [aititur.
1731 3834 1914 3932 Quonimrlit

374 3929 462 3992 dicit
478 3978 485 3999 ,
513 3931 584 3992 Hoc
596 3935 646 3995 est
660 3948 778 4010 cerpus
800 3949 928 4003 meum,
946 3930 1124 3994 obediamus
1144 3939 1174 3992 et
1189 3933 1361 4000 credemus.
1387 3943 1417 3995 et
1444 3933 1545 3996 oculis
1558 3934 1738 3996 intellectas
1751 3929 1785 3992 id
1804 3931 1920 4008 premar*¹¹

372 4009 540 4090 integrum
555 4011 676 4073 librum
690 4009 899 4086 conticerem,
914 4011 942 4074 si
957 4029 999 4074 cx
1020 4011 1253 4092 Chrysostomo
1267 4012 1356 4074 locos
1371 4029 1484 4076 omnes
1493 4031 1721 4093 excerperem,
1733 4011 1766 4070 in
1786 3997 1924 4093 quiduis

370 4089 559 4232 ¹cratissima
586 4090 792 4154 Eucharistia
817 4091 967 4154 similiter
993 4091 1158 4176 loquitur3
1182 4091 1238 4154 sed
1255 4091 1360 4156 letius
1380 4110 1419 4155 ac
1444 4093 1610 4157 salubrius
1638 4094 1701 4156 tihi
1722 4089 1782 4154 erit
1805 4102 1848 4150 eos
1861 4024 1927 4267 1ιῆ

388 4187 503 4248 egisse.

376 4277 1920 4358 w

274 4537 277 4547 .
367 4515 374 4615 z
511 4407 1876 4574 neessonnn.cr1nssosr0nl

806 4635 1232 4724 ADGAESARIUM
1256 4638 1622 4728 MONACHUM.

1447 4780 1919 4844 ff

949 4931 1168 5050 musam
1185 4959 1465 5048 nerssoue

372 5135 469 5181 nslrr
496 5135 629 5184 resume
664 5137 805 5186 normula
835 5137 1207 5185 cussrnurmorunrulnr
1242 5137 1285 5182 lu
1306 5136 1476 5185 cessamus
1508 5137 1691 5186 nonnosus
1721 5125 1845 5182 ressone
1859 5098 1918 5162 scuit

1116 5236 1234 5284 uxsnu
1254 5235 1317 5282 sur.

1026 5367 1394 5425 mm*

342 5507 345 5519 '
408 5515 576 5586 inspeximus
601 5515 694 5575 literas
721 5525 774 5574 tue
801 5513 978 5584 reverentiae,
1007 5515 1174 5587 inspeximus
1227 5529 1298 5586 leur,
1311 5483 1498 5594 etmpoerpme,
1514 5515 1542 5574 id
1556 5523 1598 5573 est
1612 5481 1918 5613 eorrsumuattstiii’i‘n}ig

371 5616 462 5664 antem
477 5622 533 5666 non
545 5617 643 5681 preter
652 5609 801 5684 lacrymam
817 5609 952 5682 quomodo
972 5609 1045 5665 enim
1058 5624 1113 5665 non
1133 5610 1172 5665 la·
1226 5626 1258 5670 se
1270 5611 1425 5678 habentem,
1436 5609 1524 5668 subito
1538 5608 1723 5666 hereticorum
1731 5595 1826 5675 jactites
1835 5581 1896 5650 apua
1925 5638 1927 5691 Ι

370 5700 564 5772 crymahimur,
583 5711 611 5759 et
631 5701 747 5758 animam
773 5704 857 5774 ipsam
881 5703 974 5763 dolore
996 5702 1172 5770 conficimus,
1225 5739 1458 5803 mmmmm
1468 5743 1601 5800 mes,
1613 5691 1916 5806 mmffltffi

372 5791 496 5846 ridentes
505 5791 614 5849 tratrem
628 5792 790 5864 singularem
802 5794 885 5850 vitam
897 5797 905 5828 ¹
918 5811 935 5850 a
946 5795 1061 5866 pueritia
1072 5795 1172 5866 eligen·
1224 5815 1281 5852 mus
1290 5815 1369 5865 sepe,
1377 5815 1445 5866 perr„
1457 5815 1504 5862 pra,
1514 5800 1672 5850 monacum
1680 5774 1869 5850 siuntll‘ffl

1223 5861 1620 5915 simiurdmeriahrlmerumad
1638 5855 1766 5913 donaolim,
1780 5822 1915 5898 sim?

407 5922 614 5975 *lummene
629 5924 694 5976 haud
710 5925 795 5990 dubie,
815 5939 846 5980 m
864 5940 931 6006 pua„
951 5927 1171 5992 remuneratiorem
1224 5921 1699 5992 semimarcimnmmelfflt·
