4142 6342
160 282 221 342 ΒΜ

112 423 117 431 ·
158 398 245 463 dont,
264 393 372 453 umetsi
391 392 536 453 admodum
554 394 656 453 suenni
678 395 751 465 sint,
765 393 801 451 ob
819 392 960 465 navigandi

158 489 338 547 insolentiam
350 490 560 562 perturbantur,
576 490 781 560 tumultuantur,
794 490 961 548 tenebricosa

159 584 297 655 uertigine
310 584 509 653 corripiuntur:
530 583 615 655 atqui
628 584 712 640 multa
734 583 817 639 maria
833 598 960 655 peragra-

158 684 238 741 runt,
250 689 282 733 ao
295 675 391 731 multas
405 681 587 745 tempestates,
599 684 627 731 et
644 690 709 731 saxa
721 675 830 732 latentia
844 676 894 734 sub
907 691 960 731 un·

159 768 219 835 dis,
232 775 259 823 et
272 764 406 837 scopulos,
422 773 450 823 ct
463 766 613 824 belluarum
626 765 753 839 impetus,
766 776 793 823 ct
806 767 961 838 praedonum

157 875 197 917 ac
218 860 362 930 piratarum
386 857 496 915 insidias
508 858 685 931 pertulerunt,
699 867 727 915 et
742 861 882 916 continuas
897 876 960 931 pro·

159 952 249 1009 cellas
262 952 456 1021 sustinuemot,
469 950 609 1009 lideutiore
621 952 748 1025 deinceps
759 954 860 1025 animo,
879 970 961 1026 quam

157 1044 210 1115 qui
222 1043 252 1099 in
261 1051 332 1099 terra
341 1042 489 1110 ambulant,
503 1043 532 1099 in
544 1045 605 1100 navi
614 1044 720 1112 solent,
735 1061 788 1101 non
798 1046 872 1103 intus
884 1046 962 1103 durn-

160 1146 238 1193 taxat
257 1136 290 1193 ad
304 1136 434 1205 carinam,
454 1136 594 1193 sedetiam
609 1137 715 1211 idipsis
735 1139 810 1203 nasis
832 1140 961 1197 lateribus

160 1229 325 1294 insidentes,
337 1236 418 1301 atque
439 1236 495 1285 tum
514 1229 542 1285 in
563 1244 653 1301 prora,
680 1240 736 1287 tum
758 1230 786 1287 in
802 1230 883 1303 puppi
902 1231 961 1291 sina

159 1322 223 1377 ullo
243 1330 316 1378 metu
328 1330 451 1380 stantm:
465 1329 494 1379 et
511 1323 556 1394 qui
571 1323 646 1395 prius
657 1333 720 1381 ante
731 1324 850 1382 omnium
868 1326 961 1384 oculos

157 1427 226 1469 eum
241 1422 315 1471 metu
335 1428 369 1471 ae
383 1422 500 1473 tremore
511 1414 647 1487 iacebant,
668 1426 842 1490 posteaquam
856 1418 961 1491 dictur<

159 1523 230 1563 num
249 1509 415 1579 tempestatis
434 1509 583 1579 perieulum
603 1508 807 1583 iecerunt,jam
822 1520 851 1568 ιι
870 1509 961 1568 ionem

159 1598 314 1655 trabnntet
334 1598 394 1655 reia
414 1599 543 1671 pandunt,
557 1616 648 1658 remos
665 1609 817 1674 capessunt,
831 1613 914 1674 atque
931 1606 962 1659 ln

159 1704 260 1747 omnes
278 1690 353 1747 uatis
373 1699 465 1762 partes
486 1690 564 1749 iacile
584 1687 755 1750 concursant.
775 1693 905 1761 Quocirca
926 1708 961 1751 uc

158 1782 229 1854 qnid
242 1796 335 1839 eorum
357 1798 417 1855 quar
434 1782 569 1853 accidunt,
582 1798 632 1841 ros
650 1782 798 1857 perturbet.
814 1784 871 1841 llue
888 1785 961 1841 enim

159 1892 216 1935 nos
229 1876 320 1934 nostes
332 1877 373 1933 rel
395 1878 470 1935 inriti
491 1877 663 1950 redegerunt,
685 1878 798 1935 utnullo
818 1878 873 1950 jam
889 1878 961 1935 malo

160 1969 236 2026 allici
249 1984 390 2041 queamus,
404 1970 503 2042 quippe
515 1970 560 2041 qui
573 1970 666 2027 effusis
680 1969 804 2027 omnibus
818 1970 874 2026 suis
888 1970 959 2038 telis,

161 2064 268 2121 nullum
282 2064 346 2121 binc
364 2061 437 2120 aliud
453 2064 662 2120 emolumentum
679 2062 858 2133 perceperint,
879 2075 960 2132 quam

161 2165 195 2213 ut
209 2156 352 2228 ignominia
366 2155 567 2228 perfundantur,
592 2163 620 2212 et
633 2153 803 2221 irrideantur,
825 2161 907 2224 atque
932 2160 962 2208 ot

160 2249 403 2309 cornmunesorbis
411 2248 529 2306 uniuersi
539 2248 631 2305 hostes
641 2247 740 2319 ubique
749 2245 958 2319 conspiciantur.

152 2344 229 2402 diuae
251 2342 435 2402 insidiatorum
447 2342 556 2415 prumia
574 2350 656 2399 sunt:
678 2340 723 2400 bie
737 2341 868 2399 bellorum
887 2341 962 2397 bnis·

161 2438 257 2507 Papa,
278 2443 376 2507 quanta
396 2449 441 2491 res
464 2443 507 2491 cst
528 2433 624 2500 uirtus,
637 2441 664 2491 et
685 2434 856 2505 presentium
869 2448 962 2491 rerum

161 2526 344 2596 contemptio!
358 2540 405 2595 per
414 2524 527 2585 lusidius
538 2525 613 2582 lucra
627 2532 775 2597 comparat,
791 2540 838 2597 per
849 2524 961 2582 insidia·

163 2632 241 2680 tores
265 2635 391 2680 coruram
414 2618 596 2692 subsequitum
612 2634 660 2691 per
681 2633 728 2676 eos
742 2634 758 2676 a
772 2618 869 2689 quibos
891 2618 964 2677 male

162 2715 318 2789 mulcaqtuq
332 2712 463 2771 illustrius
484 2711 625 2783 splendet;
640 2727 688 2782 per
700 2725 748 2769 eos
759 2710 866 2783 quiboc
881 2719 963 2784 agunt

163 2819 198 2861 ιο
220 2804 375 2871 moliuntur,
396 2813 426 2859 ut
442 2802 529 2875 ipsam
542 2801 678 2874 dejiciant,
701 2802 825 2861 ltomines
846 2803 887 2860 sui
901 2813 962 2875 stu-¹

163 2896 257 2951 diosus
271 2895 414 2962 firmiores,
435 2894 615 2961 sublimiores,
629 2893 743 2952 inuictos
754 2905 782 2954 et
794 2896 961 2969 inexpugna-

163 2990 233 3046 biles
247 2989 342 3056 reddit,
369 3003 424 3045 noo
444 2989 554 3058 lanceis,
573 3004 629 3045 non
647 2989 794 3061 moeuibus,
808 3006 860 3048 non
880 2992 961 3064 rallo,

163 3098 218 3141 non
245 3081 372 3152 turribus,
385 3097 439 3139 nou
463 3082 593 3153 pecuniis,
613 3097 667 3140 non
681 3082 841 3141 militaribus
862 3084 959 3156 copiis,

164 3176 214 3233 aed
226 3176 303 3233 irma
316 3182 419 3232 tarttum
430 3174 567 3231 uoluntate
580 3175 716 3247 animique
727 3179 881 3233 constantia
892 3191 962 3249 opos

166 3268 315 3326 babentest
328 3283 361 3325 ae
370 3266 486 3339 denique
496 3266 628 3324 bumanas
640 3282 733 3324 omnes
746 3265 858 3324 insidias
867 3268 958 3327 vincit

200 3362 228 3417 2.
243 3360 321 3417 illem
333 3362 375 3417 etri
382 3362 483 3429 scribit,
495 3369 524 3416 att
540 3363 601 3434 [orti
618 3362 704 3417 sainte
716 3361 749 3418 ait
760 3362 886 3417 bortatur.
902 3358 962 3415 Ho-

166 3472 250 3511 nnmoe
264 3454 393 3528 [adsuetis
403 3454 513 3510 renites.
526 3483 563 3495 -
576 3454 641 3509 llaec
654 3454 743 3523 igitur,
759 3454 959 3525 religiosissima

166 3548 275 3604 domina
287 3562 364 3616 mea,
380 3555 436 3603 tum
450 3546 498 3604 tibi
510 3546 576 3617 ipsi,
589 3553 646 3603 tunt
657 3544 691 3601 iis
709 3561 770 3617 quaa
788 3553 875 3602 tecum
888 3560 960 3618 prae.-

165 3642 268 3697 clarum
279 3640 331 3698 laec
344 3651 481 3697 certamen
494 3640 605 3709 obeunt,
617 3640 755 3709 accinens,
766 3638 799 3697 da
811 3655 921 3712 operam
929 3648 960 3696 ut

166 3734 284 3790 uranium
297 3734 401 3791 animos
414 3734 518 3805 erigas,
530 3742 655 3804 tuamque
665 3732 751 3790 aciem
761 3732 895 3799 instruas,
905 3748 960 3806 quo

168 3828 214 3884 tibi
236 3827 335 3898 duplex
349 3836 377 3883 ct
390 3826 504 3899 triplex,
517 3842 551 3884 ae
562 3826 648 3883 multo
659 3827 741 3882 etiam
755 3824 891 3898 eopiosior
902 3825 958 3880 rir-

108 3952 113 3960 ·
168 3921 231 3976 tutis
242 3932 340 3977 corona
351 3928 531 3989 comparetur,
546 3928 600 3975 tam
613 3933 663 3989 pcr
673 3932 705 3975 ea
717 3922 777 3988 quic
791 3917 850 3988 ipsa
862 3931 958 3988 perpe·

169 4011 250 4079 teris,
263 4025 343 4082 quam
353 4008 415 4082 quia
428 4009 497 4067 alios
514 4009 549 4067 ad
562 4008 657 4066 eadem
671 4007 809 4065 subeunda
822 4007 957 4079 impeills,

167 4118 266 4177 eosque
276 4102 392 4160 adducis·
400 4110 430 4159 ιι
442 4100 538 4161 leriter
549 4116 582 4159 ac
593 4100 696 4173 placide
708 4100 798 4157 omnia
811 4098 916 4166 ierant,
930 4106 960 4155 et

168 4198 274 4254 umbras
283 4203 474 4261 contemnant,
484 4202 564 4269 atque
577 4193 771 4265 insomniorum
782 4193 958 4264 imposturam

166 4296 350 4363 aspernentur,
373 4303 406 4345 ac
425 4290 511 4346 lutum
539 4287 709 4359 proculcent,
724 4286 879 4357 nullamque
893 4284 959 4341 inari

166 4386 295 4441 rationem
318 4381 450 4448 babeant,
472 4394 524 4437 nec
548 4393 706 4435 aranearum
731 4378 800 4435 telas
826 4377 959 4434 molestie

168 4477 308 4549 quidqmm
319 4474 501 4533 robisaiicrre
510 4474 680 4541 existiment,
694 4472 850 4545 lunamque
864 4480 958 4545 putre·

168 4569 218 4625 dirri
233 4567 378 4626 obnoxium
399 4574 571 4639 praetereant.
594 4564 662 4621 Nam
680 4564 805 4621 bumana
825 4564 959 4623 felicitatis

169 4662 270 4718 uanius
281 4660 308 4718 ld
320 4675 402 4718 orons
414 4667 474 4728 cst,
497 4668 578 4731 atque
590 4657 659 4715 adeo
678 4656 722 4715 bis
733 4656 858 4715 omuibus
877 4658 958 4715 rebus

168 4756 251 4812 vilior.
266 4756 323 4813 Nee
335 4754 413 4813 iaeile
427 4755 567 4827 quisquam
591 4752 764 4811 simulacrum
778 4753 863 4811 olium
877 4770 958 4828 repe·

168 4850 216 4904 rire
225 4858 322 4922 queat,
332 4846 404 4921 quod
412 4846 497 4919 ipsius
508 4846 652 4903 sanitatem
665 4854 759 4903 exacte
771 4856 955 4918 repraesentet

166 4939 299 5011 Siquidem
321 4948 420 5013 practer
434 4941 503 4997 barac
517 4939 662 4997 rauintem
676 4937 749 4997 baud
759 4954 870 5011 parrum
885 4941 958 4999 insu·

168 5049 212 5103 per
232 5034 267 5090 iis
284 5036 332 5107 qul
351 5036 403 5109 ipsi
421 5038 526 5094 iobiant
536 5034 728 5095 detrimentum
740 5034 838 5105 affert,
862 5053 916 5095 non
929 5037 957 5094 in

169 5126 254 5182 loturo
272 5126 412 5185 dumtaxat
432 5146 506 5200 tero,
521 5131 570 5188 sed
590 5130 671 5189 etiam
685 5130 714 5187 ia
737 5131 864 5202 prasenti
884 5132 955 5209 rita,

170 5230 245 5291 atque
258 5218 380 5291 ipsismet
393 5220 475 5278 etiam
485 5222 591 5289 diebus,
604 5224 700 5293 quibus
709 5238 807 5295 maana
820 5224 872 5281 sibi
880 5238 915 5282 ex
924 5224 958 5283 iis

170 5313 301 5383 rotuptate
310 5312 380 5371 allici
389 5312 523 5373 ridentur.
534 5313 765 5383 Quemadmodum
775 5316 847 5372 enim
860 5316 956 5386 rirtrts,

171 5414 220 5461 tunt
230 5406 312 5463 etiam
323 5422 385 5464 cum
397 5406 496 5465 bellarm
509 5408 638 5465 adsersus
648 5420 708 5465 eam
721 5406 833 5479 peritur,
841 5406 958 5465 exsultat

170 5509 194 5555 et
205 5500 298 5570 duret,
312 5517 345 5559 ae
359 5502 524 5575 splendidius
535 5501 607 5561 luect
622 5521 630 5557 ε
652 5502 747 5559 eodem
761 5502 842 5559 modo
854 5504 956 5575 impro-

170 5595 249 5661 bitas,
264 5596 413 5653 tumeliam
426 5610 487 5653 cum
498 5597 595 5655 colitur
602 5604 683 5669 atque
691 5595 859 5665 observatur,
873 5596 959 5654 imbe-

169 5687 302 5748 cillitatem
325 5704 402 5745 suam
417 5689 521 5761 prodit,
536 5696 617 5761 alque
630 5690 766 5762 ingentem
784 5690 884 5758 risum,
910 5704 957 5747 co·

172 5780 345 5856 nrediamque
368 5782 442 5843 omui
465 5784 597 5845 sermonis
630 5783 757 5867 facultate
786 5785 954 5860 mperiorem

901 276 1090 339 setsrobm.

1759 295 1812 356 bili

1015 396 1144 454 ostendit.
1158 398 1227 468 Quid
1242 400 1331 473 enim,
1344 414 1450 476 quaesta,
1466 401 1550 462 Caino
1562 402 1740 467 miserabilius
1749 408 1810 481 ibit,
1887 396 1891 403 ’

1013 491 1140 550 eoetiam
1154 500 1274 566 tempore
1287 512 1341 569 quo
1362 496 1471 555 fratrem
1493 498 1591 557 rictsse
1612 516 1645 556 ιο
1667 517 1810 574 superasse

1013 592 1096 656 atque
1127 585 1245 659 iniquam
1271 590 1344 647 illam
1373 598 1401 648 et
1427 592 1623 650 exsecrandam
1647 595 1811 655 iracundiam
1857 659 1862 669 ,

1013 678 1150 751 anlmique
1163 681 1380 742 vconcitationem
1401 686 1553 758 explevisse
1570 688 1733 747 videbatur?
1746 691 1811 766 quid

1013 769 1144 843 impurius
1157 772 1249 829 dextra
1260 774 1322 844 illa,
1344 792 1404 849 quae
1415 777 1513 835 vicisse
1530 778 1587 835 uisa
1607 778 1681 836 iuiti
1701 780 1810 851 dextra,

1014 864 1144 938 inquam,
1159 881 1221 939 quae
1240 868 1344 939 plagam
1359 868 1493 927 indixerat
1510 878 1538 927 et
1559 872 1660 929 cadem
1675 885 1813 949 perpetra·

1013 958 1082 1014 rati
1092 959 1156 1033 quid
1169 958 1316 1017 ioedissima
1331 960 1376 1017 illa
1392 962 1500 1034 linqua,
1513 980 1573 1035 quac
1588 963 1706 1023 imodcm
1721 976 1814 1025 textae·

1013 1058 1073 1118 rat,
1084 1060 1112 1107 et
1128 1053 1238 1125 laqueos
1256 1053 1424 1125 expanderat
1436 1056 1448 1110 l
1459 1053 1528 1123 Quid
1541 1065 1631 1114 autem
1644 1035 1812 1118 membra'ea

1013 1157 1212 1213 commemoro,
1228 1159 1289 1218 qua
1302 1146 1403 1204 eudem
1417 1148 1580 1207 admiserant
1597 1151 1609 1205 i
1627 1150 1694 1211 Nam
1713 1168 1812 1227 corpus

1013 1237 1169 1295 universnm
1198 1236 1412 1310 excruciabatur,
1437 1250 1567 1314 perpetuo
1589 1244 1698 1317 qemltui
1711 1260 1744 1302 ac
1758 1254 1813 1305 tre·

1013 1330 1082 1386 tueri
1098 1330 1288 1403 mancipatum.
1303 1330 1326 1389 0
1339 1332 1502 1405 singularem
1517 1349 1607 1392 rerum
1618 1337 1812 1396 ueritatemlo

1013 1424 1199 1481 admirandam
1214 1426 1354 1484 uictoriam
1372 1426 1379 1483 i
1399 1441 1416 1483 ι
1434 1441 1532 1483 ιιιιιι
1555 1429 1650 1500 tropaei
1669 1430 1773 1501 qcnusi
1787 1428 1812 1488 ls

1013 1517 1061 1589 qui
1074 1517 1248 1575 obtruncatus
1267 1518 1372 1585 iuerat,
1387 1527 1469 1593 atque
1486 1520 1618 1578 exanimis
1627 1520 1751 1593 iacebat,
1766 1536 1813 1579 co-

1013 1626 1081 1669 rona
1092 1610 1280 1675 donabaturae
1291 1611 1496 1672 celebrabatur:
1512 1614 1557 1685 qui
1570 1623 1660 1670 autem
1674 1613 1774 1671 vicerat
1785 1622 1813 1671 et

1013 1702 1138 1775 superior
1146 1702 1317 1773 discusserat,
1329 1719 1382 1761 uon
1396 1704 1476 1760 modo
1488 1719 1595 1761 coronae
1610 1718 1707 1775 expers
1719 1719 1812 1761 mane·

1014 1795 1078 1861 bat,
1092 1812 1184 1853 rerum
1199 1796 1346 1854 boeotiam
1359 1796 1468 1853 nomine
1482 1796 1509 1853 in
1525 1798 1644 1854 cruciatu
1655 1796 1813 1853 versabatur

1014 1897 1043 1945 et
1053 1887 1221 1945 intolerando
1229 1888 1361 1960 supplicio
1371 1896 1554 1961 perpetuoque
1563 1894 1696 1951 tornaento
1704 1886 1812 1944 addice-

1015 1982 1109 2049 batur;
1122 1989 1202 2051 atquc
1214 1996 1275 2049 eum
1295 1981 1340 2053 qui
1363 1991 1437 2037 ιιοιι
1449 1989 1477 2037 et
1489 1980 1543 2035 rita
1556 1978 1684 2052 praeditus
1697 1986 1772 2047 erat,
1788 1977 1812 2037 is

1014 2075 1059 2145 qui
1074 2086 1216 2143 percussus
1230 2071 1362 2129 suerat-ac
1380 2080 1496 2129 mortem
1509 2070 1675 2142 oppetierat,
1690 2082 1751 2126 eum
1766 2069 1812 2141 qui

1014 2164 1185 2237 loquebatur,
1201 2163 1279 2236 isqui
1292 2164 1365 2221 ιιοιι
1378 2178 1474 2237 expers
1486 2169 1559 2231 crat,
1579 2159 1721 2219 accusabat
1737 2160 1812 2217 :imo

1015 2272 1081 2315 rcro
1095 2271 1138 2313 ιο·
1152 2266 1272 2313 ntortuus
1295 2254 1403 2327 quidem
1429 2254 1506 2327 ipse,
1521 2268 1615 2310 rerum
1636 2260 1664 2311 et
1683 2250 1810 2324 sanquis,

1014 2350 1121 2407 ctiama
1135 2361 1248 2419 corpore
1261 2347 1417 2421 sejunctus,
1432 2345 1465 2402 ad
1479 2361 1539 2403 eam
1554 2358 1611 2401 rem
1621 2344 1664 2401 uel
1677 2342 1753 2401 solus
1762 2342 1813 2399 sui·

1014 2442 1133 2500 liciebat.
1149 2441 1234 2499 Tattta
1248 2440 1386 2499 bominum
1397 2439 1499 2497 virtute
1525 2440 1716 2513 praditomm,
1730 2439 1812 2495 etiam

1013 2546 1200 2604 mortuorum,
1226 2536 1267 2592 uis
1291 2543 1334 2593 est
1354 2536 1361 2593 l
1378 2544 1451 2592 tanta
1473 2550 1582 2592 mrsum
1608 2534 1810 2606 improborum,

1014 2630 1097 2689 etiam
1111 2630 1274 2696 rixantium,
1289 2628 1396 2688 miseria
1411 2630 1417 2685 l
1434 2628 1520 2686 Porro
1531 2644 1592 2687 cum
1608 2629 1635 2685 in
1656 2628 1715 2701 ipso
1725 2634 1812 2685 certa·

1014 2721 1089 2779 mine
1103 2729 1177 2779 tanta
1197 2721 1306 2794 prumia
1329 2722 1401 2791 sint,
1422 2721 1523 2793 cogites
1544 2718 1624 2787 uelim
1639 2726 1738 2791 quanta
1749 2724 1813 2790 pest

1014 2814 1161 2871 certamina
1184 2828 1290 2871 merces
1312 2814 1398 2870 lutura
1414 2812 1464 2882 sit,
1479 2826 1540 2869 cram
1555 2811 1607 2886 piis
1621 2810 1685 2867 uiris
1699 2808 1811 2881 prumia

1014 2904 1177 2974 reserentur,
1192 2920 1225 2963 ιο
1237 2904 1306 2963 bona
1320 2904 1363 2960 illa
1375 2919 1435 2975 quaa
1447 2918 1554 2961 omnem
1565 2916 1717 2959 sermonem
1730 2914 1810 2973 supe-

1013 3009 1092 3067 rant,
1109 3000 1173 3071 ipsis
1188 2998 1437 3071 suppeditabantur.
1452 2996 1812 3067 dotesttananque,quae-

1016 3074 1133 3166 eumque
1147 3091 1254 3148 taudem
1275 3091 1328 3147 illm
1343 3090 1456 3159 luerint,
1470 3089 1506 3146 ab
1518 3088 1670 3147 bominibus
1693 3087 1813 3143 inierun-

1014 3196 1059 3244 tur
1077 3204 1085 3244 r
1106 3184 1271 3257 acproiudc
1284 3182 1453 3241 ἰιιῐοιιιιίιιιιι
1464 3183 1593 3239 vilitatem
1615 3181 1769 3247 imitamen
1784 3186 1812 3235 at

1013 3276 1085 3335 dona
1106 3285 1134 3333 et
1148 3275 1286 3349 praemiat
1310 3276 1365 3331 ileo
1379 3274 1532 3331 tribuuntur
1546 3291 1553 3331 ι
1568 3272 1604 3329 ob
1629 3270 1708 3343 idque
1729 3269 1811 3327 etiarn

1012 3369 1146 3443 ejusmodi
1164 3376 1242 3437 sunt,
1257 3369 1346 3441 qualia
1359 3383 1391 3425 ea
1406 3382 1467 3424 esse
1489 3380 1538 3437 par
1549 3373 1607 3432 est,
1626 3378 1686 3436 qum
1706 3362 1741 3418 ab
1764 3360 1810 3417 illu

1013 3460 1141 3519 ineffabili
1165 3458 1346 3517 muniilcentia
1361 3457 1554 3516 conceduntur.
1569 3455 1660 3515 Gaude
1686 3454 1765 3526 igitur
1783 3459 1812 3510 et

1012 3554 1122 3623 lature,
1138 3552 1248 3611 corollis
1260 3560 1339 3625 caput
1349 3550 1507 3617 redimieus,
1521 3564 1552 3605 ac
1562 3546 1745 3619 triumphans,
1756 3542 1809 3599 bo·

1011 3648 1148 3718 ariumque
1162 3645 1270 3715 aculeos
1280 3643 1364 3716 maqis
1379 3642 1553 3716 proculcans,
1565 3654 1647 3714 quarn
1659 3633 1809 3696 lutumalii.
1857 3688 1862 3698 ,

1012 3738 1096 3797 Δοιι
1112 3746 1156 3793 ιιι
1169 3734 1413 3807 raletrtdinequam
1434 3732 1597 3790 creberrime
1620 3729 1664 3786 iac
1687 3740 1736 3784 nos
1754 3740 1810 3783 aar·

1013 3834 1114 3901 tiores,
1136 3840 1166 3889 ut
1189 3830 1252 3887 binc
1275 3844 1382 3901 quoque
1408 3829 1543 3899 ingentem
1573 3824 1737 3895 uoluptatem
1764 3834 1810 3878 ua·
1911 3890 1920 3905 ¹

1012 3929 1130 4003 plantus.
1151 3924 1209 3981 Nou
1235 3924 1307 3981 enim
1323 3930 1349 3979 te
1363 3921 1428 3994 sugit
1442 3932 1545 3991 magnae
1561 3917 1657 3985 uobis,
1681 3916 1762 3995 etiam
1781 3914 1809 3970 in

1011 4016 1175 4083 solitudine,
1195 4030 1256 4072 eam
1275 4028 1333 4071 rern
1352 4010 1529 4069 consolationi
1548 4010 1605 4066 lure
1616 4050 1625 4076 ,
1638 4022 1699 4065 cum
1712 4005 1746 4063 de
1763 4013 1808 4062 tua

1011 4113 1127 4195 sanitate
1148 4124 1229 4182 quom
1250 4106 1398 4180 saepissime
1422 4105 1457 4162 ad
1477 4118 1527 4161 nos
1543 4102 1629 4160 literas
1651 4098 1807 4157 ederentur.

1012 4205 1124 4351 vilieu
1137 4292 1250 4351 eumdem
1262 4289 1370 4363 epistole
1385 4286 1435 4344 tr.
1448 4286 1568 4361 (Cucuso
1580 4300 1652 4344 anuo
1660 4282 1737 4355 idi.)

1049 4391 1076 4446 l.
1086 4387 1203 4459 Abipsis
1210 4384 1306 4443 mortis
1312 4382 1403 4457 ianuis
1412 4381 1553 4441 reuocatus
1559 4380 1617 4438 baec
1627 4376 1809 4438 adlescrlbos

1011 4464 1098 4556 eoque
1108 4483 1189 4539 etiam
1200 4479 1308 4537 nomine
1319 4484 1490 4549 puerostuos
1504 4490 1576 4532 nuuc
1587 4474 1704 4547 denique
1715 4473 1749 4529 ad
1758 4485 1810 4529 uus

1011 4574 1176 4643 accessisse,
1190 4571 1366 4629 vehementer
1383 4568 1491 4641 qarism
1511 4582 1589 4634 sum,
1613 4580 1673 4625 cum
1693 4563 1748 4635 lam
1773 4560 1808 4620 ad

1011 4675 1118 4739 portum
1132 4662 1339 4737 appelleremus.
1360 4660 1428 4718 iiam
1450 4660 1474 4718 si
1493 4658 1573 4727 mibi,
1589 4672 1651 4715 cum
1673 4655 1763 4713 adbuc
1780 4656 1808 4713 tn·

1012 4758 1081 4816 mari
1088 4756 1219 4829 jactarer,
1229 4768 1376 4829 grauesque
1388 4754 1475 4811 morbi
1488 4752 1586 4811 ductus
1605 4757 1807 4823 exspectarem,

1011 4848 1203 4917 occurrissent,
1217 4848 1342 4921 pietatem
1364 4856 1437 4906 tuam
1456 4847 1548 4903 saliere
1567 4843 1635 4902 mibi
1653 4828 1708 4900 non
1730 4840 1809 4899 iacila

1011 4942 1121 5012 luisset,
1133 4941 1194 4998 lata
1204 4955 1253 5012 pru
1266 4940 1386 4998 tristibus
1395 4940 1537 4997 nuntianti.
1552 4938 1645 4995 llioms
1657 4935 1729 4994 enim
1744 4948 1807 5009 qra-

1011 5034 1074 5094 rior
1081 5049 1162 5108 quam
1176 5033 1281 5091 solebat
1301 5042 1412 5102 exorta,
1431 5032 1580 5106 graviorem
1598 5044 1705 5104 quoque
1729 5028 1808 5087 nobis

1010 5130 1143 5190 stomacbi
1158 5129 1273 5187 hiemem
1283 5128 1385 5185 itmexit
1401 5146 1408 5185 ι
1422 5125 1563 5199 bilriloquc
1576 5124 1672 5183 melius
1685 5136 1719 5179 ae
1729 5136 1805 5179 eom·

1010 5223 1134 5291 modius,
1147 5237 1227 5293 quam
1237 5220 1284 5297 qui
1301 5230 1415 5277 mortem
1426 5216 1576 5303 obierunt,
1587 5217 1642 5272 imo
1655 5215 1735 5272 etiam
1746 5226 1808 5287 qra-

1011 5316 1086 5385 tius‚
1101 5316 1151 5373 bos
1163 5314 1231 5374 duos
1250 5328 1356 5371 menses
1367 5310 1483 5369 conieci.
1496 5310 1631 5368 Hactenus
1644 5308 1716 5365 enim
1738 5307 1806 5366 tucis

1010 5408 1091 5483 itup'tts
1111 5424 1191 5467 usura
1214 5406 1334 5475 fruebar,
1358 5412 1387 5463 ut
1410 5394 1555 5475 malorum,
1569 5404 1667 5477 quibus
1687 5400 1805 5474 undique

1010 5502 1146 5575 alluebat,
1162 5498 1387 5569 sensualltcerer;
1397 5497 1540 5569 omniaque
1551 5496 1615 5553 mibi
1627 5494 1805 5553 noctisiastar

1010 5606 1104 5667 crant,
1115 5598 1167 5655 boe
1179 5605 1220 5654 est
1230 5603 1283 5651 ιιιιι
1294 5593 1370 5662 dies,
1384 5608 1464 5666 quana
1478 5590 1640 5657 diluculum,
1653 5596 1733 5661 atque
1747 5587 1806 5659 ipsa

1009 5690 1155 5749 meridies:
1171 5696 1293 5758 totosque
1307 5685 1365 5744 dies
1375 5682 1547 5743 lectoaidxus
1559 5680 1697 5753 exigebam
1707 5696 1715 5747 ς
1726 5694 1804 5737 cum·

1014 5783 1231 5857 queinnnnteras
1252 5779 1370 5841 rationes
1391 5776 1619 5844 comminiscerer,
1639 5781 1805 5834 contractura
