4142 6342
219 317 251 374 st

217 450 271 504 qua
285 433 390 490 ratione
411 433 527 503 priorem
546 432 634 488 locnm
649 431 787 490 obtineant
800 433 935 501 actiones,
948 448 1009 489 orm

218 525 253 581 de
263 524 481 580 remuneratione
492 525 623 580 mercedis
633 525 721 596 agitur
732 542 739 578 ε
750 539 802 596 qua
817 525 922 582 ratione
935 525 1010 596 sigan

217 617 336 687 quidem,
358 618 381 672 si
402 617 459 672 sola
474 617 538 684 sint,
553 632 609 685 eos,
634 620 680 689 qui
699 618 744 672 illu
769 619 907 688 patrarint,
923 618 1013 674 salvos

219 726 271 770 non
286 699 385 765 iaciant
397 727 404 762 :
414 710 484 765 actio
496 724 561 766 uero
573 711 688 768 seorsim
700 721 804 782 sumpta
819 712 891 766 nulla
906 727 936 766 re
944 711 1013 767 indi·

218 811 281 872 gest
293 801 346 858 alia
360 801 395 856 ad
407 817 455 858 eos
466 803 620 870 salvandos,
635 804 680 874 qui
694 819 755 860 eam
771 803 918 874 possident.
935 802 1013 870 llulti

219 895 303 949 dicent
316 893 389 961 unii,
409 894 493 964 inquit
507 892 639 963 Christus,
653 897 681 950 in
693 896 739 952 illo
752 895 805 961 die,
819 894 939 963 Danaae,
954 894 1010 952 llo·

219 987 592 1054 trimestriummense
604 987 831 1058 prophetavimus?
843 989 896 1044 lroe
908 988 1013 1057 signum

218 1086 261 1132 est
285 1085 314 1132 et
338 1077 514 1142 miraculum
534 1076 629 1133 Nerate
655 1079 681 1132 irt
703 1079 805 1134 nonnius
825 1088 869 1132 tuo
888 1077 1015 1134 duntonio

219 1170 299 1224 malm
312 1169 444 1240 ejecimus
456 1179 481 1224 et
500 1171 527 1225 itt
542 1171 644 1224 sordue
665 1181 709 1226 tato
721 1172 824 1226 virtutes
842 1170 935 1226 resultus
953 1170 1015 1240 leci-

219 1277 275 1315 mus
286 1259 394 1332 (lluttl.
411 1261 438 1316 l.
451 1260 518 1333 221?
533 1260 615 1318 llides
625 1262 723 1333 ultique
736 1263 810 1332 signa
823 1271 853 1318 et
864 1262 992 1316 miracula
1005 1278 1012 1315 :

220 1349 359 1406 rideamus
369 1351 434 1420 quid
446 1351 519 1408 dicat
531 1353 614 1417 Deus.
627 1353 694 1420 Quia
705 1352 776 1408 nuda
785 1361 863 1408 erant
875 1353 1013 1418 andracum,

220 1458 270 1499 nec
291 1443 394 1513 uspiam
415 1446 596 1510 conuersatio,
622 1444 769 1511 discedite,
797 1445 899 1514 inquit,
918 1461 936 1511 u
956 1460 1014 1513 nte,

191 1521 196 1532 ⁸
220 1535 305 1596 rimie
318 1551 379 1603 tter,
395 1538 438 1607 qui
452 1537 593 1607 operemini
606 1534 763 1607 iniquitaten
776 1533 858 1606 (litu.
873 1553 898 1592 e.
913 1535 972 1608 25).
985 1535 1015 1592 si

221 1641 275 1683 non
290 1629 362 1684 nosti
374 1628 512 1693 eumundo
527 1629 573 1684 tibi
583 1631 698 1684 itrutotuit
708 1644 756 1684 eos
770 1628 936 1699 iniquitatem
948 1643 1015 1698 ope·

153 1774 156 1788 ,
222 1721 295 1776 raril
312 1719 348 1776 lit
359 1721 491 1791 intelligas
511 1721 587 1788 illud,
603 1719 696 1778 Nescio
709 1739 763 1789 ros,
779 1737 832 1776 nott
846 1721 1014 1792 pannutia,

221 1809 270 1866 sed
281 1810 335 1865 odii
347 1820 375 1866 et
386 1810 534 1866 aversionis
547 1827 618 1868 esse.
635 1810 729 1868 Nescio
741 1829 794 1868 uos.
807 1811 892 1879 Quam
905 1813 941 1870 ol)
951 1828 1015 1868 oau-

164 1935 172 1952 .
221 1918 279 1958 mm
289 1904 398 1974 quaesol
412 1903 508 1960 Nonne
520 1905 547 1959 in
560 1906 661 1960 nostine
675 1914 720 1961 ttto
734 1906 862 1962 demonio
874 1905 1017 1978 quintu?

221 1995 365 2064 Propterea
389 2010 438 2051 ros
460 1996 523 2052 odio
548 2011 706 2066 prosequor,
730 2007 759 2052 et
778 2010 898 2062 euersor,
920 1995 1015 2065 inquit,

221 2088 285 2158 quia
311 2103 346 2143 ne
365 2087 444 2144 donis
463 2088 570 2159 quidem
592 2089 711 2160 acceptis
731 2089 858 2145 meliores
879 2087 1015 2154 evasistis,

220 2178 292 2247 quod
305 2187 379 2234 tanto
391 2177 494 2234 honore
504 2179 643 2243 crintulati,
658 2179 790 2235 iraeadem
806 2178 906 2234 malitia
919 2177 1017 2248 persti-

222 2272 302 2327 tistls.
317 2269 473 2326 disceditea
485 2289 534 2337 rue,
548 2274 632 2326 stercio
643 2289 697 2328 oea.

256 2363 309 2420 Crtr
321 2363 384 2420 olim
395 2365 550 2420 edecimata
572 2365 694 2420 darentur
711 2365 841 2435 indignit;
853 2369 921 2417 'seru
939 2363 1019 2418 mira-

222 2457 280 2512 culo
292 2458 371 2512 etium
382 2457 482 2528 insipat
492 2458 628 2527 [molunt.
640 2487 675 2497 -
684 2457 753 2525 Qnid
764 2456 860 2527 igiturl
869 2454 939 2510 0lint
947 2454 1019 2510 dona

163 2593 167 2600 .
222 2550 353 2606 ostentm
364 2550 491 2621 indignis.
507 2561 536 2605 et
554 2551 666 2620 quisita
686 2559 765 2604 eratin
783 2558 810 2604 et
834 2547 954 2604 marilias
965 2545 1017 2602 de·

224 2645 352 2713 praratis,
365 2643 481 2700 edebant
501 2643 640 2708 rtrimcnla,
654 2652 683 2696 ct
695 2643 793 2697 diuinis
805 2641 957 2696 ditabuntur
968 2639 1020 2694 dn-

224 2737 276 2802 nis,
303 2737 366 2792 lioet
390 2735 520 2806 optimam
539 2735 771 2792 conversationem
795 2747 850 2788 non
874 2730 1020 2787 curarentl

225 2829 382 2898 llitabantur
394 2829 432 2884 illi
443 2829 551 2900 quidem
560 2828 596 2883 ob
608 2829 734 2884 eximiam
748 2827 798 2882 Ilei
812 2825 1014 2896 benignitatem,

201 2935 277 2975 -non
291 2919 327 2974 olt
340 2936 416 2975 suam
429 2921 596 2991 dignitatem.
619 2920 684 2974 Erat
707 2920 781 2975 enim
802 2919 939 2989 religionis
960 2933 1021 2974 rer·

224 3015 288 3067 lant
302 3012 402 3084 uinique
422 3014 611 3084 spargendum,
633 3011 849 3083 quandoquidem
871 3011 977 3066 ittitinm
991 3020 1020 3066 et

224 3104 300 3174 origo
311 3115 370 3159 etat
382 3104 455 3160 lldei.
470 3103 506 3160 Ut
519 3105 599 3175 igitur
618 3105 738 3174 optimus
754 3103 869 3174 agricola
879 3103 913 3158 in
929 3102 1020 3157 norel-

225 3197 278 3250 iam
290 3196 427 3264 arborem,
441 3211 521 3266 quam
535 3211 589 3250 non
604 3195 639 3250 ita
654 3195 755 3265 pridem
770 3205 850 3250 terrm
862 3175 933 3250 sinui
945 3209 1020 3250 coat-

225 3287 373 3355 rnendarit,
387 3289 451 3344 dum
464 3287 555 3342 adhuc
569 3296 661 3342 tenera
672 3297 722 3352 cst,
739 3285 848 3341 multam
861 3301 955 3342 curam
969 3287 1020 3341 iar·

226 3377 328 3446 pendit,
343 3377 460 3448 nudique
472 3378 546 3432 illam
557 3377 750 3443 circumvallat,
765 3385 792 3431 et
810 3377 944 3447 lapidibus
959 3391 1020 3432 mu-

226 3470 303 3524 nitet
313 3469 408 3539 spinis,
422 3480 453 3524 ut
463 3485 499 3524 ne
513 3485 529 3524 a
544 3469 629 3524 rerrtis
643 3468 783 3532 evellatur,
800 3483 834 3523 ne
847 3483 863 3522 a
879 3467 1022 3538 pecoribtrs

225 3560 426 3628 lairelactetur¹,
441 3578 512 3617 stete
522 3562 575 3616 alio
585 3561 700 3633 quodam
711 3561 881 3617 incommodo
893 3561 1020 3627 landatur:

226 3659 366 3722 postquam
378 3661 468 3708 aarum
480 3652 584 3708 radices
593 3653 692 3723 egisse,
703 3662 731 3707 et
744 3653 770 3706 in
779 3651 893 3708 utillime
903 3653 1022 3708 crevisse

227 3744 299 3800 illam
312 3743 419 3811 uiderit,
436 3755 491 3799 tum
507 3754 614 3799 antnrct
625 3745 812 3800 rttttninteulat
833 3743 932 3800 sullicil
949 3744 1020 3799 enim

226 3837 277 3890 silri
293 3837 344 3906 ipsi
358 3837 440 3891 arbor
450 3836 484 3890 ad
495 3835 607 3903 iniurius
620 3835 690 3891 tales
701 3834 871 3905 repellendas
884 3852 892 3889 a
906 3835 942 3890 ita
954 3849 1022 3906 qno·

225 3944 279 3996 que
304 3931 332 3983 in
353 3929 405 3984 lide
426 3928 533 3985 accidit.
557 3927 670 3997 Quando
693 3943 779 3997 nuper
805 3939 864 3982 crat
886 3928 1020 3998 plantam,

227 4021 334 4089 sperando
345 4029 437 4077 tenera
448 4031 517 4087 erat,
530 4010 638 4090 quando
650 4034 735 4088 nuper
748 4019 774 4074 in
791 4016 913 4073 liumanis
924 4018 1022 4072 animis

227 4111 344 4178 lundata,
355 4112 429 4167 omiti
441 4127 475 4168 ex
489 4123 566 4181 parte
582 4095 663 4174 marlia
676 4111 703 4166 in
721 4125 780 4165 eam
794 4125 858 4166 cura
885 4107 1023 4178 impende·

230 4204 306 4259 iratur
321 4221 328 4257 :
348 4215 488 4274 postquam
500 4211 589 4258 aarum
600 4203 709 4266 coaluit,
721 4209 749 4256 et
763 4201 867 4254 radices
879 4199 943 4270 egit,
957 4200 1021 4254 etin

228 4294 419 4351 sublimitatem
429 4295 560 4359 ascendit,
575 4301 714 4365 postquam
722 4293 875 4347 universum
890 4302 1021 4346 terrarum

224 4387 321 4443 orbetur
332 4387 487 4458 complevit,
502 4386 667 4443 munimenta
679 4386 794 4442 remouit
803 4384 936 4451 Christus,
949 4395 976 4438 et
988 4384 1022 4440 de

227 4488 327 4535 eutero
352 4481 482 4536 tutamina
512 4480 628 4534 sustulit.
652 4479 795 4549 Propterea
816 4478 894 4532 initio
914 4477 1021 4548 quoidam

228 4571 311 4626 ctiam
328 4571 442 4642 indignis
456 4571 587 4627 dultamnr
601 4571 681 4636 dona,
704 4570 830 4640 qnoniam
851 4570 902 4623 lroe
925 4570 1024 4624 attritio

231 4661 292 4718 iudei
312 4661 431 4718 tutanda
448 4679 528 4718 extusa
544 4663 680 4732 indigebat
699 4661 868 4732 antiquitas:
883 4677 955 4716 nunc
972 4677 1022 4716 au·

231 4767 285 4809 tem
298 4769 387 4826 neque
398 4753 486 4825 dignis
498 4752 697 4818 cotroedumnr3
711 4753 772 4807 lidei
786 4753 885 4824 quippe
897 4753 980 4807 roim
996 4763 1023 4806 et

229 4847 343 4902 tirmitas
358 4847 410 4903 ltoc
428 4846 548 4902 subsidio
569 4861 621 4902 non
644 4854 713 4918 eget.
736 4847 823 4916 Atque
844 4853 874 4899 ut
892 4845 1024 4915 intelligas

230 4953 397 5009 nequaqnam
412 4938 471 4993 illos
485 4939 655 5008 imposuisse,
671 4938 718 4994 sm
731 4951 796 4992 rere
815 4935 942 4990 miracula
963 4935 1020 4990 cdi-

229 5032 311 5099 disse‚
325 5039 406 5102 atque
418 5031 534 5102 indignis
545 5030 698 5087 lrominilrus
707 5031 777 5084 dona
787 5029 871 5084 luisse
882 5042 1027 5092 concessa,

230 5132 468 5200 ntquepraeterea,
480 5140 539 5194 quan
548 5125 619 5180 dicta
634 5134 708 5189 sunt,
719 5123 845 5194 quiddam
858 5121 940 5178 etiam
951 5122 1024 5177 aliud

212 5212 420 5290 ¹perdometur⁹
441 5215 544 5287 licique
564 5230 663 5272 nrurtns
685 5215 723 5270 illi
747 5215 854 5269 reveriti
879 5213 1023 5284 nequitiam

229 5305 385 5374 micarent,
399 5306 591 5363 ludamunam
602 5320 636 5361 et
648 5304 790 5360 duodecim
803 5319 896 5360 omnes
909 5304 1024 5360 lateran

229 5398 303 5467 signa
316 5397 423 5466 lesisse
437 5399 575 5455 demones
586 5397 711 5467 ejecisse,
727 5407 848 5452 mortuos
870 5398 1024 5464 suscitasse,

231 5490 352 5559 leprosos
363 5491 527 5548 mundasse:
541 5501 570 5546 ct
588 5500 676 5544 tamen
696 5488 796 5544 excidit
814 5506 828 5539 a
850 5504 932 5558 regno
943 5489 1024 5543 culi·
1062 5499 1065 5506 ’

264 5646 271 5673 ¹
289 5651 352 5705 ltaec,
365 5659 396 5698 tte
407 5659 422 5694 a
434 5644 559 5708 pecoribus
579 5644 751 5706 labefactetur.
775 5641 878 5696 dcerunt
896 5646 921 5694 in
939 5645 1023 5698 felitis.

230 5705 280 5815 831ί
279 5719 326 5816 'aaz
327 5709 396 5817 siin
410 5708 562 5771 supplentur.
574 5703 635 5755 inira
649 5704 709 5755 ilem
720 5704 830 5768 quaedam
843 5719 873 5752 ox
888 5706 973 5756 etalem
986 5721 1025 5752 ro·-

814 315 847 374 lN
867 316 1129 375 mscttttertomstt
1149 323 1375 380 attondente:

1820 309 1864 366 δί

1067 453 1135 492 rrum.
1152 437 1209 493 Non
1223 425 1294 496 enirn
1310 438 1374 494 illud
1387 437 1488 493 salvum
1507 436 1598 492 lacere
1612 449 1687 504 stgna
1703 441 1861 504 potuerunt,
1892 481 1896 491 .

1065 531 1127 599 qnia
1141 530 1218 594 latro,
1235 529 1289 595 inr,
1302 540 1328 586 et
1339 529 1458 601 proditor
1472 528 1521 583 luit
1531 527 1646 582 llomini.
1661 525 1785 598 designa
1797 523 1858 604 qui·

1066 623 1126 678 dem
1152 621 1211 676 sine
1235 623 1336 692 optima
1360 622 1579 685 cortversatione,
1608 620 1717 688 uitaque
1741 631 1806 688 pura
1832 625 1859 672 et
1948 677 1951 682 ,

1066 725 1159 770 exacta
1173 713 1275 769 saluum
1291 713 1380 768 lacere
1392 713 1501 769 minime
1514 727 1592 784 posse
1604 711 1860 766 demonstraturus:

1068 806 1126 862 istis
1139 813 1180 862 est
1193 824 1200 860 ε
1212 805 1443 862 euincersationem
1463 813 1558 861 antem·
1568 803 1619 860 lroc
1636 805 1772 876 signorum
1788 799 1859 856 sola-

1070 899 1106 951 tin
1130 897 1297 964 destitutam,
1324 912 1411 968 neque
1431 895 1478 952 illo
1500 897 1625 968 stipatam
1651 891 1785 966 praesidio,
1812 890 1861 947 sed

1068 991 1190 1062 qmtmvis
1207 990 1263 1046 sola
1283 998 1447 1061 compareat,
1471 1004 1549 1062 posse
1567 1003 1628 1045 cum
1649 987 1745 1043 lrdncia
1767 983 1793 1042 in
1815 999 1861 1062 re-

1067 1097 1147 1152 gnum
1161 1081 1288 1136 calorum
1303 1081 1423 1148 introire,
1438 1079 1546 1137 Christo
1564 1080 1678 1138 docente
1692 1077 1832 1134 condiscat
1852 1093 1860 1130 a

1075 1171 1170 1239 Vertite,
1186 1173 1307 1228 denedicti
1328 1171 1415 1229 Putris
1428 1174 1487 1240 atrei,
1508 1171 1633 1244 possidete
1653 1181 1770 1241 puratum
1793 1165 1861 1223 roma

1069 1281 1173 1336 regnunt
1187 1281 1202 1318 u
1214 1265 1392 1320 constitutione
1406 1264 1493 1321 ntundi
1510 1261 1617 1334 (Hcttlt.
1630 1261 1675 1317 95.
1696 1261 1754 1334 dt).
1777 1259 1868 1330 Quate-

1069 1357 1103 1412 nlt
1125 1356 1334 1427 causanthnia'
1345 1363 1466 1412 murrinos
1488 1351 1669 1411 suscitaruntl
1688 1352 1749 1423 quia
1773 1351 1864 1420 lepro-

1069 1463 1114 1502 sos
1136 1447 1318 1504 rituirdaruntl
1330 1448 1391 1519 quia
1406 1445 1543 1502 duerniones
1556 1442 1733 1518 expuleruntl
1756 1439 1863 1512 Nequa-
1915 1439 1922 1452 '

1069 1555 1148 1612 qtram
1165 1558 1173 1596 ι
1190 1540 1237 1595 scd
1251 1557 1302 1613 qna
1322 1540 1356 1596 de
1370 1539 1470 1597 causa?
1493 1537 1662 1594 Esurietrlem
1684 1549 1728 1590 nte
1749 1531 1862 1598 vidistis,

1070 1631 1166 1702 inquit,
1183 1639 1210 1686 et
1233 1631 1338 1686 aluistis
1360 1647 1367 1684 ε
1391 1631 1538 1696 sitientem,
1559 1635 1587 1684 et
1608 1622 1799 1682 dedistismihi
1816 1638 1865 1696 po·

1070 1733 1124 1778 tum
1139 1741 1145 1778 :
1162 1723 1272 1789 nitidum,
1286 1734 1313 1778 et
1323 1723 1498 1794 cooperuistis
1510 1736 1553 1776 rrae
1570 1741 1576 1776 :
1589 1720 1734 1792 hospitem,
1746 1728 1773 1774 et
1783 1715 1864 1773 colle·

1070 1817 1146 1885 gistis
1162 1811 1214 1886 (lt.
1229 1829 1252 1867 o.
1269 1813 1313 1870 55.
1329 1813 1386 1886 56).
1400 1811 1536 1883 Nusquam
1551 1811 1690 1878 enimenin,
1704 1807 1878 1880 sctlulrlque,

1071 1907 1248 1962 cotrucrsatin.
1265 1905 1300 1962 Ut
1310 1906 1390 1976 igitur
1405 1905 1459 1960 illic
1471 1905 1569 1976 ultique
1581 1903 1720 1968 ntiraculn,
1733 1913 1761 1956 et
1774 1900 1864 1955 statim

1071 1999 1241 2070 supplicium,
1265 1998 1391 2068 quioniam
1414 1997 1618 2052 coritersatione
1638 1993 1765 2050 destituta
1788 2003 1865 2047 eram

1072 2093 1198 2148 miracula
1216 2109 1222 2145 :
1240 2091 1279 2145 sio
1298 2099 1325 2146 et
1347 2087 1399 2145 hoc
1418 2089 1485 2145 loco¹
1498 2087 1596 2158 ultique
1616 2085 1795 2150 watrersatio,
1816 2097 1865 2140 nec

1073 2197 1182 2254 usquam
1192 2184 1328 2242 miracula.
1338 2191 1365 2240 et
1375 2179 1560 2240 satiamini*
1574 2173 1807 2250 :proptereaqund
1818 2189 1865 2244 per

1072 2293 1102 2332 se
1116 2279 1173 2332 sola
1191 2289 1360 2346 possessores
1375 2289 1437 2330 suos
1452 2273 1540 2328 salros
1559 2271 1648 2326 lacere
1667 2277 1754 2338 potest
1765 2267 1866 2339 optlnra

1073 2368 1250 2423 rtttrtvorsatin.
1263 2365 1365 2423 idcirco
1379 2361 1460 2420 etlam
1473 2363 1569 2419 beatns
1583 2363 1625 2416 liic
1638 2369 1665 2415 ct
1678 2373 1825 2432 generosus
1834 2373 1867 2414 ao

1074 2461 1202 2517 tritrulrilis
1218 2459 1303 2516 Lucas
1315 2461 1349 2514 ita
1366 2459 1462 2516 librum
1480 2457 1624 2528 inscripsit,
1648 2455 1710 2508 dcte
1729 2449 1866 2522 Apostolo-

1073 2573 1137 2622 rum,
1155 2573 1206 2610 non
1220 2553 1346 2608 miracula
1359 2551 1541 2623 apostolorum
1563 2569 1570 2604 ε
1585 2548 1689 2604 tametsi
1704 2545 1822 2603 lucerent
1840 2553 1872 2600 et

1074 2649 1123 2720 ipsi
1137 2648 1274 2703 mirncnla.
1289 2647 1388 2702 Verum
1404 2643 1447 2699 illa
1459 2643 1566 2716 quidem
1579 2653 1653 2698 certo
1667 2635 1878 2710 temporetam.

1073 2752 1144 2810 sunt,
1161 2751 1189 2797 et
1202 2741 1389 2812 praeterierunt
1401 2754 1408 2790 ε
1425 2735 1484 2792 lraec
1495 2745 1585 2791 antem
1596 2735 1690 2806 quouis
1702 2741 1822 2800 tempore
1833 2729 1873 2782 alt·

1075 2835 1127 2891 illis
1144 2833 1263 2890 celtiberi
1279 2847 1347 2904 opus
1371 2840 1422 2895 est,
1448 2831 1493 2900 qni
1514 2829 1627 2883 sulutem
1649 2835 1711 2881 sunt
1735 2823 1865 2896 adepturi.

1074 2927 1186 2996 Quattdo
1197 2925 1276 2997 igilur
1286 2942 1337 2980 non
1349 2923 1487 2986 rtriracnln,
1501 2923 1547 2977 scd
1560 2930 1618 2976 acta
1629 2919 1706 2975 uoltis
1719 2915 1867 2973 aerrrulandn

1075 3026 1259 3092 proponuntur
1271 3017 1464 3090 apostolorum,
1487 3024 1629 3084 propterea
1648 3011 1745 3066 lilirmn
1766 3011 1806 3064 sic
1825 3009 1867 3062 in-

1074 3113 1191 3182 scripsit.
1210 3110 1245 3166 Ut
1257 3111 1328 3164 onim
1345 3126 1398 3163 nnn
1413 3109 1527 3170 diceres,
1544 3105 1585 3161 rel
1600 3105 1734 3175 potiusne
1749 3102 1868 3156 dicerent

1074 3205 1191 3270 desides.
1208 3205 1230 3260 si
1244 3203 1351 3275 qrmndo
1366 3203 1425 3256 illus
1442 3201 1475 3255 ad
1492 3201 1666 3254 intitutionem
1686 3197 1868 3268 apostolorum
1929 3239 1932 3248 .

1074 3297 1257 3362 cohortantur,
1280 3311 1311 3350 ac
1330 3295 1456 3361 dicimus,
1481 3291 1587 3346 inritare
1604 3291 1722 3358 Petrum,
1743 3287 1870 3342 :emulare

1075 3393 1197 3456 Paulum,
1217 3389 1311 3446 similis
1328 3397 1387 3443 esto
1405 3387 1513 3452 ltrrmni,
1529 3385 1657 3440 Jacobnm
1681 3395 1796 3456 sequere
1812 3398 1818 3432 :
1836 3393 1870 3435 nc

1074 3483 1204 3552 dicerent,
1229 3477 1286 3538 Non
1315 3495 1465 3551 possumus,
1490 3493 1538 3531 noc
1561 3475 1683 3532 valemus
1705 3491 1712 3529 :
1737 3472 1774 3527 illi
1798 3471 1869 3527 enim

1075 3585 1195 3630 mortuns
1215 3569 1389 3633 suscitabunt,
1403 3570 1523 3640 leprosus
1539 3563 1723 3622 mundabant:
1737 3561 1805 3618 itanc
1818 3561 1868 3616 im·

1076 3665 1220 3739 pudentem
1243 3674 1361 3720 rtitstram
1382 3661 1581 3718 exornationem
1603 3657 1764 3730 reprimens.
1787 3651 1872 3718 san.

1075 3759 1171 3830 inquit,
1186 3757 1353 3820 obtriuit-sce,
1375 3769 1426 3807 tion
1444 3752 1610 3815 miraculum,
1635 3747 1682 3803 scd
1703 3743 1874 3802 contursatio

1076 3853 1102 3906 in
1115 3865 1227 3921 rcgnnm
1239 3847 1364 3902 culorum
1379 3841 1532 3899 introducit.

1113 3943 1177 4012 Qrteu
1190 3951 1256 3994 trote
1268 3950 1291 3994 et
1304 3938 1399 3992 indicio
1409 3933 1534 4008 Apostoli.
1547 3963 1583 3973 -
1596 3923 1704 3986 imitare
1714 3929 1794 4000 igitur
1806 3942 1872 3982 cort·

1076 4025 1252 4088 versationem
1272 4027 1472 4100 apostolorum,
1489 4032 1516 4078 et
1529 4018 1595 4076 nilrll
1608 4020 1697 4094 minus
1716 4033 1793 4090 qttam
1807 4032 1872 4088 apo-
1943 4043 1947 4054 κ

1075 4121 1134 4177 stoli
1148 4120 1290 4176 nlttineltis.
1304 4116 1396 4188 Neque
1410 4117 1481 4170 enim
1492 4114 1565 4184 signa
1581 4109 1702 4168 lecerunt
1713 4107 1849 4180 apostolos
1861 4149 1870 4174 ,

1075 4214 1123 4271 scd
1137 4215 1190 4269 vita
1206 4209 1313 4265 rntnnla.
1330 4210 1417 4279 litque
1432 4205 1483 4260 ltoc
1497 4203 1649 4275 apostolico
1668 4200 1788 4272 imaginis
1800 4197 1855 4257 indi

1055 4313 1058 4322 ¹
1076 4308 1145 4362 cium
1161 4320 1239 4366 csse,
1256 4317 1287 4357 ac
1311 4303 1401 4372 ligurae
1422 4296 1630 4368 discipulorum,
1646 4293 1706 4348 andi
1719 4307 1773 4364 quo
1794 4300 1875 4364 pacto

1075 4395 1195 4456 Clrrlstus
1203 4395 1335 4466 lrocsigno
1346 4392 1520 4447 demonstret.
1528 4385 1594 4442 Cum
1604 4384 1676 4442 enim
1687 4381 1816 4454 imagines
1829 4379 1873 4438 di·-

1075 4489 1235 4561 scipnlornm
1249 4486 1397 4556 ellingerct,
1409 4479 1579 4551 etquodnam
1594 4475 1756 4548 apostolatus
1770 4475 1886 4546 insignu-

1076 4585 1119 4646 sit,
1130 4581 1287 4646 declararet,
1298 4581 1331 4633 ita
1343 4575 1410 4632 dixit
1422 4593 1427 4626 :
1440 4571 1472 4627 ln
1485 4573 1532 4626 duc
1546 4578 1693 4642 cognoscent
1704 4585 1797 4636 ontraer,
1806 4567 1873 4638 quod
1885 4579 1889 4594 ¹

1076 4677 1193 4746 discipuli
1215 4675 1263 4726 ranei
1283 4673 1341 4725 estis
1352 4669 1442 4744 (locut.
1460 4667 1502 4722 ts.
1517 4667 1573 4738 55).
1591 4663 1698 4727 inimo,
1715 4661 1741 4716 in
1757 4661 1833 4728 quo'l
1846 4661 1871 4712 in

1078 4767 1212 4823 iniracttlis
1235 4763 1379 4826 iaciendis,
1395 4761 1421 4814 in
1441 4757 1551 4815 tttortnis
1573 4748 1751 4812 suscitandis?
1765 4752 1871 4821 Nequa-

1077 4876 1166 4930 quam,
1185 4857 1267 4928 inquit
1283 4874 1289 4908 :
1305 4853 1351 4908 scd
1366 4853 1391 4908 in
1406 4867 1460 4922 quo
1474 4848 1601 4904 tattrleml
1618 4845 1649 4901 ln
1664 4847 1711 4899 lune
1724 4849 1874 4916 cognoscent

1077 4967 1173 5015 carues,
1186 4949 1244 5018 quin
1260 4943 1378 5016 discipuli
1394 4943 1440 4996 rrtet'
1453 4943 1525 5004 estis,
1542 4941 1564 4993 ai
1575 4955 1618 4991 oos
1631 4937 1735 4991 inuicem
1749 4929 1871 5004 diligatis.

1078 5042 1156 5112 Atqui
1172 5041 1281 5095 dilectio
1295 5055 1345 5102 iton
1363 5033 1550 5088 ntirucnlorum
1564 5039 1616 5095 cst,
1632 5025 1678 5081 scil
1692 5021 1872 5078 cottrcrsatio·

1079 5137 1119 5190 nis
1133 5153 1139 5187 ι
1155 5131 1292 5188 Plenitudo
1311 5130 1382 5186 caim
1397 5129 1459 5200 legia
1477 5135 1515 5181 est
1535 5121 1634 5177 dileetio
1648 5119 1735 5192 illone.
1752 5117 1793 5172 ts.
1816 5115 1873 5185 lli).-

1078 5227 1158 5284 Vides
1170 5223 1360 5296 discipulorum
1372 5217 1517 5276 iniunctum?
1525 5213 1599 5269 vides
1611 5211 1754 5282 irrraginem
1766 5219 1874 5278 aposto.

1079 5317 1165 5375 lanis?
1181 5315 1255 5372 tides
1276 5313 1416 5370 iormanti
1428 5307 1502 5363 uides
1521 5303 1653 5378 'liguram‘l
1667 5300 1736 5356 lliltil
1761 5298 1886 5370 :atriplius

1078 5428 1167 5484 qnaere
1180 5429 1186 5464 :
1200 5409 1297 5482 quiippe
1311 5403 1437 5462 Dominus
1450 5395 1630 5474 pronuntiauit
1643 5394 1779 5450 caritatem
1794 5391 1873 5446 disci-

1079 5506 1155 5578 pnlos
1167 5503 1326 5571 expritncrc.
1340 5495 1367 5552 Si
1382 5511 1445 5563 crgo
1458 5493 1596 5548 caritatem
1611 5486 1720 5549 liabens,
1735 5481 1875 5556 apostolus

1064 5598 1163 5652 'sanctus
1181 5610 1227 5660 cs,
1243 5604 1269 5648 ct
1283 5587 1462 5660 apostolorum
1478 5582 1588 5654 primns.

1113 5767 1119 5797 ¹
1140 5759 1225 5811 tnhaec
1240 5755 1322 5811 acrba.
1332 5756 1354 5801 a
1362 5752 1442 5804 nean
1454 5749 1527 5802 selus.
1540 5743 1630 5826 desiria
1643 5739 1795 5794 micante
1804 5741 1853 5785 tras.
1917 5730 1922 5739 “
