4142 6342
55 449 68 492 L
83 452 98 510 ἴ

56 541 97 598 ιη,

61 664 66 672 ·
75 638 96 691 ἢ

70 734 94 787 ἦ

157 378 209 487 riq
363 400 371 414 '
443 434 446 438 ·
640 410 643 414 ’
876 407 1068 489 ,ιιιιειοιι
1758 424 1812 500 mq

158 512 315 617 nmquid
329 539 436 609 ducas,
458 538 516 611 jam
531 551 585 593 uon
605 534 689 593 ltabes
705 552 712 590 ι
729 540 803 591 tauto
816 530 888 588 cuitu
902 530 956 585 im·
1010 532 1119 605 gleetim
1132 534 1258 595 amictum
1273 548 1331 605 est,
1343 538 1424 598 uerba
1437 538 1546 601 laeiens.
1556 542 1723 619 Quamquam
1736 534 1811 605 enim

159 646 224 708 „mu
234 635 480 695 ,evanescentem
492 631 550 705 jam
563 629 625 687 inde
640 629 675 685 ab
688 628 764 684 initio
779 624 915 697 irrupisti,
928 628 958 680 ut
1013 626 1072 683 baec
1094 626 1179 685 virtut
1201 628 1260 689 aliis
1274 632 1371 697 cedere
1385 634 1500 704 uidetur,
1521 646 1611 693 tantm
1627 637 1651 694 si
1668 639 1734 717 'quis
1747 654 1811 697 eaut

158 733 245 805 ipsius
265 730 424 803 cupiditates
437 728 598 785 exstinxeris
613 745 619 782 :
635 724 773 781 nonenim
788 736 887 795 equum
901 717 957 775 lte·
1011 730 1136 780 accurate
1151 722 1337 799 perpenderit,
1350 730 1494 787 admodum
1520 732 1654 804 ingentem
1671 749 1730 791 eam
1748 748 1811 793 esse

159 825 247 891 uasti,
261 824 310 882 sed
324 824 403 897 plane
424 820 624 887 constrinxisti,
637 828 718 891 atque
739 815 816 873 bunti
838 822 959 887 prostra-
1010 818 1144 889 reperiet,
1165 826 1246 892 atque
1259 822 1410 894 ejusmodi,
1433 842 1493 899 quaa
1512 824 1634 899 sapiente
1653 826 1760 897 aninro,
1777 818 1811 887 ne

57 920 73 958 Τ
158 918 239 983 cisti,
255 919 450 989 intruetuutque
461 914 611 973 reddidisti.
624 912 728 969 delum
743 906 851 981 quidem
861 919 957 962 ontnee
1010 906 1128 967 humana
1147 922 1307 983 superante,
1323 923 1351 972 et
1371 916 1406 972 ad
1426 918 1512 989 ipsum
1528 934 1612 991 usque
1630 914 1724 976 c'aelum
1740 918 1811 976 toli·

59 1016 66 1052 ι’
157 1011 329 1067 eorrtiuentin
349 1024 479 1067 nutamus
489 1005 628 1079 explevisti
643 1023 650 1059 :
667 1018 738 1060 nurte
750 1012 844 1057 autem
855 998 882 1055 ld
900 998 957 1068 jam
1010 994 1161 1074 lartteopus
1181 1003 1288 1087 lrabeat.
1310 1006 1349 1062 lte
1370 1019 1512 1079 propterea
1532 1026 1587 1067 uon
1600 1010 1627 1067 iu
1641 1009 1810 1069 Netodum÷

55 1110 67 1146 .··
155 1114 324 1175 eornoqnuta
338 1118 385 1169 es,
404 1112 432 1159 ut
446 1101 519 1158 otoni
532 1098 734 1171 perturbatione
747 1110 851 1151 carens.
864 1089 957 1163 Neque
1010 1104 1101 1165 taxat,
1112 1096 1250 1155 sedetiam
1264 1099 1293 1157 itt
1307 1098 1399 1157 Veteri
1411 1100 1600 1171 Testamento‚
1616 1119 1677 1160 eum
1687 1119 1735 1177 per
1748 1121 1809 1161 uttr-

54 1208 73 1244 ετ
157 1196 231 1253 enirn
261 1197 396 1270 negotium
418 1196 468 1252 tibi
498 1192 605 1249 lacessit
626 1190 781 1248 deliciarum
807 1184 956 1259 cupiditas,
1010 1179 1086 1243 brarn
1110 1203 1141 1245 ae
1166 1186 1277 1263 liguram
1302 1192 1376 1267 liene¹
1394 1190 1532 1253 bominum
1548 1210 1651 1269 genus,
1675 1204 1755 1270 atque
1776 1212 1808 1255 ea

157 1307 247 1362 „aqna
262 1302 292 1345 nr
302 1307 361 1347 enm
374 1303 500 1361 superes,
516 1284 622 1343 laboras
637 1301 645 1341 :
670 1299 763 1341 rerunt
778 1296 809 1339 en
823 1276 908 1335 semel
923 1276 957 1335 de
1009 1298 1070 1355 quae
1084 1280 1117 1338 ad
1134 1283 1243 1341 uiuendi
1257 1286 1388 1369 rationem
1409 1286 1594 1361 pertinebant,
1610 1287 1727 1345 ernesius
1740 1304 1809 1361 quo·

54 1415 55 1422 ι
82 1413 86 1434 .
157 1382 250 1437 medio
261 1380 382 1447 sublata,
402 1383 530 1450 omnique
553 1378 602 1451 ipsi
627 1374 660 1432 ad
673 1390 781 1431 carnem
796 1384 867 1428 trram
882 1370 956 1428 aditu
1009 1370 1156 1431 dammodo
1169 1374 1368 1447 moderabatur,
1382 1378 1498 1437 necdum
1511 1379 1545 1437 de
1556 1379 1709 1438 celestibus
1725 1380 1807 1437 rebus

54 1498 85 1538 u·
155 1474 304 1543 precioso,
317 1482 438 1531 uentrem
462 1482 565 1527 tantum
585 1470 637 1527 cibi
652 1484 684 1525 ac
698 1476 776 1540 qmurs
794 1480 892 1536 capere
904 1462 955 1519 do·
1008 1464 1136 1531 verbum,
1153 1482 1202 1524 nee
1216 1468 1251 1525 de
1266 1466 1360 1527 laturis
1376 1470 1429 1528 ulia
1443 1473 1545 1530 mentio
1558 1477 1633 1541 erat,
1653 1488 1704 1529 nee
1719 1472 1808 1545 pltilo·

53 1592 56 1630 1
79 1619 83 1628 ,
153 1565 253 1629 ruisti,
267 1575 396 1637 quantum
415 1580 527 1623 neeesse
538 1573 596 1631 est,
609 1578 643 1620 ne
658 1562 791 1626 intereas,
805 1574 837 1614 ac
848 1571 955 1629 poeuam
1008 1558 1111 1630 sophiae
1132 1558 1211 1635 liujus
1222 1578 1282 1635 quae
1298 1578 1369 1621 nune
1386 1562 1458 1637 viget
1471 1564 1524 1621 ulla
1536 1564 1579 1622 vel
1594 1564 1708 1626 obscura
1721 1565 1806 1637 signi·

154 1656 226 1715 luat.
246 1658 422 1731 tabemque
436 1672 545 1713 causam
560 1652 772 1726 noniejunium,
795 1664 848 1705 uon
866 1646 956 1705 conti·
1008 1649 1115 1722 licatio,
1132 1664 1222 1713 terunt
1243 1656 1382 1729 pinguiore
1395 1656 1511 1731 quodam
1530 1666 1558 1716 et
1572 1658 1705 1715 crassiore
1724 1656 1806 1716 modo

53 1790 67 1813 ,-
155 1748 412 1817 uentiamidtoeo,
434 1747 567 1805 sedaiind
591 1746 716 1819 quiddam
739 1741 790 1799 ltoc
804 1740 954 1797 sublimius.
1008 1733 1081 1815 leges
1092 1744 1212 1803 liebraeis
1226 1746 1422 1818 scribebantur,
1438 1748 1610 1821 elegantioris
1622 1750 1734 1806 vestitus
1744 1760 1804 1806 stu-

154 1845 244 1916 Atque
258 1846 309 1901 boe
323 1843 350 1899 in
373 1844 457 1901 saeris
478 1856 586 1915 quoqne
609 1841 661 1897 trris
681 1838 779 1913 uigiliis
802 1834 955 1909 perspicere
1007 1833 1082 1891 dium
1094 1835 1331 1896 vehementissime
1345 1840 1523 1911 interdicens,
1536 1857 1584 1913 per
1593 1842 1751 1914 proplietam
1765 1844 1807 1900 sie

154 1935 218 1993 iicet
231 1954 240 1991 ι
255 1951 317 1993 natu
331 1934 483 1993 dormiendi
506 1930 639 2005 cupiditas
664 1947 715 1986 rrrra
736 1944 797 1987 cttm
816 1926 955 1999 superiore
1008 1928 1065 1983 ait:
1082 1921 1147 1985 lioec
1160 1930 1222 1986 dicit
1244 1928 1370 1989 llominur
1391 1934 1512 1989 odonam
1531 1934 1711 1990 eontinentur
1736 1934 1806 2005 filiai

52 2072 53 2075 ,
155 2026 345 2087 illaexstiueta
367 2038 409 2085 cet
423 2046 432 2085 ε
446 2028 508 2085 cibo
526 2026 628 2098 quippe
640 2040 751 2081 mmttus
771 2022 862 2078 alitur.
884 2020 953 2092 Quin
1008 2018 1073 2074 Sion
1091 2036 1100 2075 :
1121 2020 1175 2077 Pro
1188 2022 1410 2095 eoquadeieunte
1423 2026 1669 2095 suntililoeeorunr,
1685 2027 1806 2082 eurardu-

52 2191 57 2201 .
155 2120 227 2176 bane
239 2136 346 2194 qunque
358 2120 411 2178 alia
432 2120 537 2175 ratione
550 2118 725 2190 oppressisti,
738 2114 802 2171 dum
821 2114 856 2169 ab
878 2112 954 2169 initio
1007 2105 1121 2167 moment
1132 2124 1234 2169 retento
1247 2116 1331 2184 coilo,
1347 2122 1370 2172 ot
1383 2114 1485 2173 nutibus
1495 2119 1625 2173 oculorum
1636 2128 1659 2173 rt
1669 2132 1807 2191 properem

52 2264 58 2283 ,
156 2220 260 2269 nature
273 2214 354 2269 etlam
373 2214 428 2269 vitu
446 2210 577 2277 intulisti,
601 2209 772 2283 integrasque
798 2217 890 2263 noctes
910 2204 952 2260 iu·
1005 2204 1099 2276 pedum
1110 2206 1208 2263 tutrices
1217 2206 1360 2276 trabebant,
1372 2215 1396 2265 et
1409 2208 1513 2280 pedibus
1527 2210 1579 2263 suis
1586 2208 1664 2265 rtnrnt
1672 2208 1808 2276 ludebant:

52 2288 61 2300 '⁶
153 2307 419 2371 smnnesduxisti,ae
428 2307 543 2375 denique
551 2303 658 2361 assidua
668 2299 896 2361 connsuetudinem
904 2315 950 2355 na·
1006 2304 1030 2351 et
1045 2294 1186 2354 nunrittriu
1206 2296 1332 2357 dontinus
1351 2300 1528 2359 dominatrice
1540 2302 1608 2373 pilius
1628 2300 1708 2369 Sion,
1724 2312 1748 2357 et
1761 2302 1808 2357 de-

50 2383 73 2396 *
155 2407 244 2456 tetram
257 2399 309 2455 bec
320 2399 488 2455 convertisti.
499 2396 613 2453 Utenim
626 2396 686 2451 aliis
701 2394 820 2451 dormire
832 2392 954 2450 naturale
1006 2390 1240 2452 amartitudinem
1261 2407 1365 2461 aarum,
1388 2406 1412 2450 et
1424 2398 1521 2468 auferet
1540 2396 1649 2468 glatiem
1665 2394 1807 2451 vestimenti

154 2502 208 2557 eet,
218 2490 456 2549 eodemmodotilti
466 2491 684 2561 vigilarentque
694 2488 751 2545 luec
761 2488 952 2562 quidemmiri·
1005 2496 1105 2538 aarum·
1122 2482 1155 2538 El
1169 2485 1217 2540 ert't
1236 2484 1281 2540 tili
1293 2500 1341 2557 pro
1355 2488 1425 2542 moni
1438 2486 1516 2543 otiare
1527 2484 1625 2559 pulait,
1640 2491 1666 2542 et
1677 2502 1725 2559 pro
1739 2499 1807 2542 tortu

50 2574 53 2583 ’
156 2580 951 2657 licaetstuporisplenasuut,etiarnsiperseconsiderentur.
1005 2578 1120 2648 dtnimio
1130 2580 1255 2652 cingeris,
1269 2590 1293 2635 et
1303 2595 1350 2651 pre
1362 2590 1510 2637 mnamento
1522 2580 1613 2655 capitio
1624 2580 1661 2635 tui
1674 2580 1806 2636 rebblam

155 2676 330 2748 Qtrodsiquis
337 2687 443 2751 tempus
452 2679 534 2736 etiam
542 2676 683 2748 expendat,
694 2676 862 2731 immaturam
875 2688 952 2728 nent·
1005 2672 1107 2731 italredir
1131 2687 1234 2749 propter
1249 2694 1326 2749 opero
1338 2688 1382 2732 tuo
1395 2694 1405 2734 .·
1418 2688 1443 2733 et
1458 2690 1504 2749 pro
1523 2677 1610 2732 tunice
1624 2676 1729 2732 cleonte
1743 2678 1805 2748 puri

157 2784 202 2841 pe.
211 2772 238 2825 in
245 2784 297 2842 qua
309 2767 368 2824 trec
375 2771 533 2841 praestabas,
543 2778 659 2835 etatem,
668 2778 695 2823 et
709 2768 895 2839 magistrorum
903 2780 953 2837 pe·
1006 2786 1079 2841 pure
1091 2786 1165 2826 coeco
1176 2771 1283 2843 einqert'r
1307 2770 1384 2845 (lsai.
1399 2770 1426 2829 3.
1439 2770 1534 2827 tit-le.
1548 2770 1595 2844 il)
1610 2789 1618 2828 ε
1632 2770 1690 2826 baec
1703 2768 1749 2826 tibi
1764 2782 1805 2824 or·

158 2861 274 2927 truriam.
288 2871 422 2919 eteorum
434 2862 481 2935 qni
494 2862 655 2921 offendiculo
668 2861 713 2918 tibi
729 2858 953 2933 erarrt,lrequen·
1007 2864 1126 2919 namenti
1149 2864 1209 2919 loeo
1223 2874 1311 2920 erunt.
1329 2864 1407 2921 Vides
1421 2864 1603 2933 iracundiam,
1624 2875 1733 2921 omnem
1747 2875 1806 2921 ser-¹

156 2954 955 3031 tiam,etquodiueaauiuta,quoeeximpiadetuoadterita·
1007 2954 1094 3011 menis
1108 2955 1160 3011 viru
1174 2958 1367 3029 superantem?
1387 2956 1463 3015 tides
1483 2956 1684 3014 acerbissimum
1699 2956 1804 3028 suppil-

48 3033 51 3056 ¹
155 3048 495 3121 temnuuetransiugerat,
511 3048 622 3123 etquod
641 3049 795 3121 incorpore
809 3048 952 3118 muliebri,
1005 3048 1076 3105 cium
1099 3056 1126 3105 et
1144 3048 1312 3106 cruciatum?
1330 3050 1405 3107 vides
1422 3050 1582 3106 acerrimam
1605 3050 1806 3121 captiuitatem!

154 3150 234 3213 atque
247 3142 346 3215 alioqui
360 3144 609 3217 proptermajorurn
630 3139 802 3217 splendorem
817 3128 951 3199 aelurum
1007 3142 1075 3198 iiiuc
1096 3140 1197 3213 peceati
1225 3142 1435 3215 magnitudinem
1459 3141 1587 3215 coniicias
1608 3142 1679 3200 lieet.
1709 3142 1806 3215 Neque

155 3236 271 3301 molliet
292 3235 424 3301 delmmo,
448 3247 548 3310 quanta
575 3237 600 3293 ei
614 3249 710 3293 erructa
734 3236 793 3292 lraee
817 3230 954 3309 sigillatim
1005 3236 1078 3290 enim
1090 3234 1220 3307 benignus
1235 3234 1305 3291 bens
1320 3244 1372 3293 tam
1393 3250 1501 3309 gratem
1516 3242 1544 3292 et
1555 3234 1679 3291 acerbam
1696 3247 1805 3307 paenam

156 3329 337 3385 consideranti
363 3331 553 3387 miraculorum
575 3331 659 3405 ptaria
682 3346 712 3387 ee
726 3329 866 3401 aperienti
878 3329 953 3397 Quo·
1005 3335 1132 3401 umquam
1146 3328 1299 3399 inluxisset,
1313 3330 1364 3387 nisi
1378 3342 1532 3403 peceatum,
1552 3330 1623 3405 quod
1638 3343 1697 3388 eam
1710 3344 1805 3387 aeecr·

156 3422 273 3477 circaue
293 3423 407 3479 aliorum
428 3423 536 3493 quidem
552 3423 715 3481 montionem
736 3422 854 3486 tacturus
872 3436 952 3492 eunt,
1005 3432 1098 3490 seret,
1121 3423 1198 3495 iunge
1220 3426 1327 3495 gravius
1352 3432 1435 3482 esset.
1454 3422 1531 3494 erod
1557 3426 1580 3482 si
1606 3440 1730 3499 ntagnutn
1752 3424 1804 3483 boe

156 3514 208 3571 boe
217 3523 272 3581 est,
288 3513 460 3586 bontttuus,
475 3517 611 3584 enitatis,
631 3525 832 3573 acereterarum
853 3525 954 3571 sancte
1005 3514 1094 3571 scelus
1105 3522 1162 3584 est,
1187 3514 1311 3573 uirtusea
1324 3534 1384 3588 que
1404 3518 1453 3590 ipsi
1469 3518 1614 3590 opponitur
1633 3514 1805 3575 hauddubie

156 3608 253 3665 arritum
266 3618 318 3665 tuae
337 3610 473 3667 uirtutum.
491 3611 626 3685 Siquidem
641 3612 705 3669 dum
718 3612 777 3669 inec
788 3610 915 3667 recordor
925 3616 954 3667 et
1005 3608 1132 3663 maxima.
1155 3608 1193 3665 de
1206 3608 1316 3680 proinde
1330 3607 1428 3667 Paulus
1442 3627 1564 3683 quoque,
1578 3626 1639 3667 cum
1653 3608 1686 3667 ad
1706 3610 1803 3667 mulie-

154 3716 355 3771 eummemero,
368 3716 512 3763 sexcentos
534 3706 598 3761 utih't
614 3722 721 3763 rursum
739 3704 826 3762 [untes
847 3705 954 3761 animus
1005 3710 1050 3756 les
1062 3716 1125 3765 eae,
1138 3716 1199 3774 quae
1213 3702 1375 3760 mtttttluttdnl
1389 3704 1471 3759 vilain
1486 3702 1635 3776 complexa
1649 3712 1726 3771 sunl,
1743 3718 1806 3760 ortt·

156 3796 284 3867 protulit,
298 3812 331 3855 ae
342 3813 386 3856 me
396 3798 592 3867 barumetiam,
604 3809 631 3855 ut
646 3808 674 3855 et
687 3799 801 3871 prioris,
814 3796 952 3869 sigillatim
1006 3792 1107 3848 tionem
1121 3792 1248 3862 baberet,
1262 3808 1316 3851 uon
1331 3796 1412 3851 modo
1424 3797 1459 3852 ab
1475 3810 1542 3851 auro
1554 3795 1684 3866 gestando
1698 3810 1745 3853 ens
1757 3796 1806 3850 ab·

56 3886 59 3896 '
154 3892 251 3948 ealtem
260 3908 359 3963 genera
378 3893 455 3965 ipsa,
469 3895 511 3949 rei
524 3897 612 3965 potius
628 3902 785 3963 argumenta
795 3890 952 3961 dumtaxat,
1005 3882 1095 3953 ducit,
1118 3882 1165 3940 sed
1196 3900 1231 3941 ne
1255 3886 1420 3957 sumptuosis
1440 3886 1548 3959 quidem
1570 3883 1689 3943 testibus
1712 3881 1804 3946 utendl

155 3985 257 4043 reterre
276 3988 367 4059 cogit:
384 4003 446 4045 nam
462 3988 527 4045 illud
544 3989 674 4069 indoitam
690 3981 839 4043 ‹rntbnem
863 3984 954 4057 requi·
1005 3985 1165 4053 potestatem
1191 3980 1256 4053 ipsis
1277 3980 1341 4038 iacit
1364 3975 1403 4057 (l.
1419 3978 1486 4037 Tim.
1500 3980 1529 4036 ἱ.
1544 3978 1584 4054 ii).
1608 3980 1693 4037 Norat
1711 3981 1803 4051 enirn,

53 4064 57 4072 ¹
156 4090 238 4137 reret.
253 4080 353 4137 Verum
365 4098 401 4139 ne
413 4083 448 4141 ab
460 4098 512 4151 ea,
527 4098 608 4155 quam
632 4082 741 4155 exsequi
755 4081 877 4149 institui,
892 4094 951 4137 ma·
1005 4073 1163 4145 perspicue,
1178 4074 1301 4145 inquam,
1315 4082 1410 4141 norat,
1425 4086 1534 4146 gravem
1546 4070 1619 4131 hunc
1630 4088 1663 4131 ae
1677 4068 1804 4145 proilignss

157 4173 222 4231 teria
233 4172 354 4230 excidam
367 4216 377 4244 ,
389 4175 416 4231 in
429 4176 589 4235 irumensum
610 4175 718 4247 pelagus
731 4173 895 4245 praeeipitem
910 4186 954 4229 nte
1007 4175 1034 4221 tu
1058 4164 1244 4237 perdifficilem
1267 4166 1350 4222 attlml
1369 4166 1490 4222 morbum
1516 4166 1591 4231 cese,
1614 4165 1805 4237 corruptaeque

156 4268 254 4323 notarri
277 4268 346 4327 baud
367 4273 463 4343 patiar.
478 4270 545 4327 liam
558 4270 674 4341 alioqui,
688 4269 739 4325 nisi
753 4269 779 4325 id
799 4283 871 4325 nnnc
886 4266 953 4324 mihi
1006 4258 1104 4315 mentis
1114 4259 1312 4333 apertissimum
1328 4258 1458 4327 indicem,
1474 4260 1572 4332 quique
1587 4256 1701 4331 saplenti
1712 4258 1805 4315 attime

156 4363 321 4433 propositum
343 4373 436 4432 esset,
460 4374 490 4421 ut
503 4362 659 4421 mesenam
673 4374 745 4419 tuaut
768 4362 898 4419 radicitus
918 4367 954 4419 ex
1006 4366 1075 4423 opus
1090 4352 1219 4409 liaberet:
1235 4352 1262 4408 id
1275 4350 1346 4424 quod
1361 4351 1542 4409 indicantnon
1557 4366 1597 4409 ee
1611 4350 1750 4408 dumtaxat
1763 4350 1805 4406 le·

155 4456 245 4513 anime
265 4467 310 4513 uto
328 4458 492 4523 etdlerem,
510 4457 606 4515 lubens
619 4459 646 4514 iu
661 4458 712 4513 liae
725 4457 847 4514 oratione
859 4468 952 4511 uersa·
1006 4445 1101 4514 illinc,
1121 4462 1181 4521 utili
1194 4460 1336 4502 willielme
1356 4446 1416 4501 nitro
1430 4460 1515 4519 genus
1536 4452 1694 4519 sequemur,
1710 4442 1806 4500 milri*

157 4564 211 4613 rer,
229 4559 310 4623 atque
322 4552 483 4609 immensum
497 4551 625 4622 pelagus,
644 4550 687 4607 rel
709 4549 840 4605 immensa
864 4549 953 4619 potius
1007 4537 1151 4608 ntorrinque
1174 4553 1235 4594 curn
1259 4536 1322 4593 ciris
1344 4536 1477 4609 copulatae
1504 4545 1582 4605 eunt,
1595 4552 1708 4610 quarum
1731 4534 1805 4593 nulla

157 4642 239 4697 nitria
260 4644 437 4716 navigaretur:
457 4644 619 4716 ltlttlltplioee
638 4643 764 4699 primirum
787 4642 954 4713 singularum
1006 4631 1068 4685 huic
1089 4629 1203 4687 consilio
1226 4628 1304 4686 filcile
1325 4630 1428 4703 partili,
1452 4644 1545 4687 Verlllll
1569 4630 1650 4687 elilim
1670 4642 1720 4696 ete,
1744 4642 1806 4699 qdae

157 4734 283 4793 virtutum
299 4747 405 4794 rnarqm
429 4739 488 4793 vuar
505 4737 617 4805 aurens,
630 4750 744 4805 quarum
766 4734 879 4806 rmgntae
903 4750 954 4791 no·
1008 4724 1183 4799 philosophiae
1194 4726 1312 4797 speeiem
1323 4740 1378 4797 pre
1391 4740 1420 4781 se
1434 4725 1532 4792 ierunt,
1546 4735 1626 4797 atque
1638 4723 1803 4794 inntrgtnrna

156 4846 218 4887 mm
227 4846 335 4891 mnam
350 4836 462 4907 pangat
478 4842 673 4906 ymerum,
697 4832 756 4889 ,iva
777 4832 812 4889 de
825 4831 955 4905 patientia
1006 4819 1119 4878 eborum
1129 4818 1271 4889 adscripta
1284 4828 1355 4876 tunt.
1372 4820 1514 4878 Permulta
1528 4822 1600 4876 enim
1610 4833 1642 4875 ex
1652 4816 1727 4890 ipsis,
1742 4828 1805 4872 eum

155 4925 506 4997 ..ritrtrerm0m1‚gqg0
523 4926 560 4986 (ιθ
579 4926 749 4996 numum,
763 4926 823 4985 sqq„
843 4925 878 4983 αθ
890 4940 954 4983 qm.
1005 4912 1040 4968 ad
1053 4912 1107 4968 tim
1121 4920 1224 4968 nature
1244 4910 1408 4969 inferendam
1433 4925 1463 4970 se
1483 4912 1663 4975 accinxerint,
1689 4920 1806 4979 eumque
1841 4990 1843 4997 ,

156 5016 198 5071 nis
218 5019 325 5087 estiterit
346 5019 536 5095 eleemosyna,
550 5020 584 5079 ad
599 5020 671 5095 ipsos
686 5035 772 5093 neque
782 5020 856 5079 orbis
869 5030 955 5077 terra.
1006 5006 1164 5081 uirginitatis
1174 5006 1336 5065 curriculum
1351 5008 1409 5064 sine
1423 5008 1475 5065 uilo
1489 5006 1548 5093 labe
1559 5002 1709 5071 eonllelaut,
1723 5014 1806 5075 atque

156 5121 215 5161 ruat
229 5107 296 5164 lines
307 5108 422 5179 dilium,
437 5112 495 5171 sive
513 5113 548 5169 qq
564 5113 695 5182 arium,
711 5128 773 5187 qna
796 5113 954 5173 tanmem
1005 5101 1153 5173 angelicam
1173 5101 1201 5158 ln
1221 5100 1272 5159 boe
1286 5118 1316 5159 re
1329 5102 1391 5159 titre
1406 5102 1536 5159 rationem
1558 5100 1705 5165 imitentur,
1729 5106 1763 5155 et
1776 5098 1805 5155 ie

158 5196 279 5254 lomaces
290 5199 389 5258 ardore
396 5212 516 5274 superat.
530 5205 588 5261 tite
601 5204 636 5262 tle
647 5203 752 5261 indulta
762 5214 843 5277 atque
852 5204 955 5277 ingenti
1006 5196 1114 5253 mortali
1125 5210 1240 5270 corpore
1253 5196 1458 5254 resurrectionis
1472 5194 1599 5266 praeludia
1609 5192 1751 5250 ostendant
1765 5190 1806 5263 (in
1857 5266 1861 5273 Ι

157 5290 249 5361 ¹⁰l⁰f⁰
261 5291 369 5363 perfusi
382 5304 538 5369 liciumque
557 5297 667 5354 modum
678 5298 825 5357 excedente
838 5298 955 5371 prodeo·
1006 5290 1134 5348 illoenim
1154 5290 1270 5357 seculo,
1293 5290 1379 5361 inquit
1393 5286 1530 5355 Christus,
1554 5284 1731 5353 Necuuieut,
1758 5296 1805 5338 ner

157 5382 204 5441 ¹5³·
218 5384 335 5455 Quinam
348 5398 438 5445 autem
450 5386 513 5445 ltine
527 5388 629 5446 tructus
641 5391 695 5448 orti
707 5374 808 5457 siothi
820 5393 882 5465 quis
892 5406 955 5449 aar·
1004 5384 1131 5465 nubentur
1145 5382 1220 5462 [lue.
1237 5384 1283 5443 20.
1296 5382 1341 5459 55]
1356 5386 1380 5459 l,
1400 5392 1480 5456 atque
1502 5396 1562 5439 cnm
1586 5380 1728 5437 virtutibus
1751 5376 1806 5438 itttt

155 5480 486 5555 rareinttituat,perinde
501 5484 749 5561 daemonique
762 5486 956 5547 marisductru
1005 5493 1192 5555 qureeerpore
1213 5488 1475 5549 vaeaut‚eeriamen
1490 5484 1644 5549 susceptum
1666 5474 1804 5543 babeant,
1842 5532 1845 5543 ,

155 5590 299 5635 ''mm'‘
309 5578 490 5651 Wfflfiillll·
553 5562 558 5572 ’
1005 5585 1033 5634 et
1048 5576 1192 5634 inmortali
1211 5590 1324 5647 corpore
1338 5588 1399 5631 cum
1419 5572 1523 5630 naturis
1542 5572 1577 5628 ab
1597 5570 1670 5627 omui
1694 5568 1804 5624 interitu

191 5672 220 5725 li·
236 5667 276 5725 De
288 5672 380 5729 autito
393 5672 438 5729 eiii
455 5688 487 5729 ae
505 5673 620 5747 neglxto
642 5673 814 5749 Olympiadis.
827 5706 865 5718 -
877 5677 953 5743 Quo·
1005 5670 1101 5727 alienis
1113 5669 1291 5735 contendant,
1305 5666 1385 5737 idque
1403 5666 1473 5738 qnod
1485 5664 1562 5720 molti
1574 5678 1608 5720 ne
1622 5660 1729 5717 auribus
1741 5658 1804 5731 qui·

156 5761 226 5821 eirea
239 5765 400 5824 vastissimis
421 5766 466 5823 iris
484 5766 606 5825 maribus
617 5768 774 5841 preteritis,
790 5768 896 5827 leonem
918 5767 953 5828 ab
1005 5760 1067 5821 dem
1078 5760 1150 5822 lerre
1162 5768 1275 5835 possunt
1286 5802 1294 5830 ,
1305 5760 1393 5832 reipsa
1404 5766 1531 5831 praestem
1542 5799 1549 5824 ‚
1561 5763 1589 5813 et
1598 5751 1735 5812 libidinem
1748 5763 1804 5809 nou

152 5872 247 5928 ungue
263 5858 450 5918 demonstrare
463 5860 601 5918 conabor:
617 5876 700 5933 pauca
722 5861 848 5921 nimirum
860 5861 896 5919 de
911 5878 953 5921 re
1005 5872 1084 5915 secus
1101 5870 1132 5912 oe
1148 5852 1269 5911 rabidum
1289 5866 1403 5921 canem,
1423 5860 1605 5925 perpetuoque
1628 5848 1801 5903 insultantem

157 5940 221 5996 stitu
233 5951 279 5999 tuo
297 5952 377 6018 atque
391 5945 566 6010 indumentis,
578 5946 676 6018 quibus
693 5946 792 6020 cerpus
806 5959 880 6004 titum
901 5955 951 6003 tte·
1009 5948 1221 6021 proprtlscnt,e't
1235 5962 1308 6002 mare
1322 5944 1413 6002 iurene
1425 5942 1658 6015 comprimattl,el
1672 5934 1802 5995 littetlttt·
