4142 6342
277 351 312 416 aa
529 297 534 316 ⁶
568 327 570 332 ’
642 353 670 412 s.
691 350 830 412 ioannis
848 347 1087 428 cunisosrom
1106 347 1266 409 ananiae.
1285 345 1557 409 consrauauoe.
1895 349 1929 406 n

275 479 326 541 tat
353 485 435 543 reni
460 471 687 539 'tillemontius
715 487 787 534 eam
816 470 850 532 in
879 469 1083 531 Dominicam
1109 470 1256 549 quintam
1279 468 1541 550 Quadragesimm
1575 465 1787 548 probabiliter
1814 470 1930 552 conjici

278 571 388 700 Εοεεο.
400 549 529 637 'rigitur
541 570 640 636 porro
656 553 696 614 de
712 547 790 615 vcra
801 550 971 632 ieiunandi
984 549 1125 624 ratione,
1137 549 1178 611 de
1191 550 1378 612 divitiarum
1393 553 1591 632 contemptu,
1608 550 1648 612 de
1668 549 1801 614 tristitia
1815 566 1931 614 secun·

302 654 357 700 um
369 635 474 701 Deum
515 643 588 698 etc.⁴
1561 639 1565 646 ’

321 718 451 780 Decima
487 682 574 779 irone
603 713 736 782 homilia
763 711 873 776 habita
901 714 968 782 est,
984 713 1022 772 ut
1049 710 1165 778 titulus
1192 711 1309 786 habet,
1338 710 1507 773 Dominiea
1530 719 1668 774 saecla.
1700 711 1933 792 apuacappa-

279 797 377 862 doces
411 801 565 858 sanatam
597 794 828 858 ascensionem
874 790 1006 853 Domini
1041 791 1088 854 ait
1131 791 1294 865 allatius,
1324 791 1423 855 Libro
1450 790 1489 853 de
1525 792 1703 856 Dominicis
1744 798 1777 856 et
1809 793 1934 855 bebdo-

283 878 433 940 madibus
448 877 646 944 Groecorum,
662 875 719 955 qui
736 873 852 936 ibidem
864 871 953 934 addit
965 871 1168 934 Dominicam
1189 881 1321 934 servate
1343 891 1415 935 esse
1429 872 1577 952 quintam
1602 877 1675 954 post
1699 874 1823 953 pascha
1837 920 1845 948 ,
1861 888 1933 936 eam

282 958 406 1021 scilicet
419 973 493 1035 quas
505 956 656 1036 praecedit
672 955 897 1016 ascensionem
915 951 1056 1013 Domini.
1079 951 1217 1015 sardius
1232 957 1340 1015 autem
1354 954 1399 1016 ait
1413 971 1485 1017 esse
1496 952 1698 1016 Dominicam
1712 954 1747 1016 in
1764 953 1861 1027 albis,
1877 971 1934 1015 ne·
1954 1003 1957 1008 .

283 1038 351 1100 scio
368 1037 451 1098 unde
469 1036 501 1097 id
519 1037 718 1116 expiscatus.
731 1035 772 1095 ht
791 1050 857 1096 non
872 1032 1007 1094 dubium
1025 1032 1161 1106 videtur,
1172 1050 1244 1094 esse
1256 1033 1345 1097 illam
1359 1033 1504 1112 aliquam
1519 1051 1561 1095 en
1572 1033 1749 1096 Dominicis
1761 1034 1934 1113 postremis

281 1116 556 1198 Quadragesimm,
573 1134 643 1189 scu,
658 1121 694 1176 ut
709 1112 802 1194 putat
816 1110 1057 1185 Tillemonlius,
1072 1113 1275 1174 Dominicam
1286 1114 1464 1186 Passionis,
1480 1115 1532 1175 cui
1544 1130 1605 1194 ego
1619 1114 1728 1196 potius
1741 1114 1931 1194 adstipuler.

282 1195 546 1278 chrysostomus,
563 1197 619 1276 qui
633 1196 803 1274 aliquanto
817 1198 963 1272 tompore
984 1193 1097 1254 morbo
1111 1193 1259 1256 detentus
1274 1193 1397 1269 iuerat,
1410 1199 1583 1274 postquam
1600 1195 1640 1257 de
1659 1194 1741 1262 testo
1753 1195 1936 1275 Martyrum

282 1273 371 1356 quod
389 1276 569 1340 Antiochia
584 1276 781 1338 celebratum
798 1272 915 1347 luerat,
932 1269 1014 1336 etde
1030 1273 1170 1336 adventu
1185 1273 1382 1338 rusticorum
1396 1273 1548 1356 q'uaedam'
1565 1274 1736 1360 praemisit,
1752 1281 1866 1338 contra
1880 1273 1937 1354 ju-

282 1362 433 1422 ramenta
445 1357 483 1418 de
498 1375 589 1419 more
603 1355 760 1434 loquitur,
775 1369 954 1433 eorumque
970 1354 1147 1432 perniciem
1164 1355 1271 1417 multis
1287 1359 1520 1418 commonstrat
1534 1355 1702 1445 exemplis.

324 1437 489 1500 Hactenus
505 1439 539 1498 in
563 1431 771 1498 homiliarum
795 1452 932 1496 numero
947 1439 979 1495 et
1000 1434 1114 1495 ordine
1140 1433 1250 1496 Savilii
1266 1437 1297 1496 et
1317 1433 1491 1498 Frontonis
1511 1435 1617 1498 Due-mi
1633 1434 1790 1498 editiones
1806 1435 1936 1515 sequuti

286 1529 411 1580 sumus.
439 1511 598 1596 Deinceps
614 1533 693 1580 vero
720 1532 826 1577 secus.
851 1513 932 1576 Nam
950 1513 1107 1592 vigesima
1122 1531 1261 1596 sequens
1276 1515 1309 1575 in
1325 1515 1415 1594 prius
1433 1513 1533 1577 Editis
1546 1518 1595 1578 est
1608 1516 1722 1598 procul
1736 1515 1834 1578 dubio
1846 1516 1937 1599 ‘rige-

285 1596 368 1660 sima
385 1597 489 1674 prima
503 1601 536 1658 et
552 1597 667 1660 ultima
684 1596 723 1657 de
735 1593 869 1658 Statuis.
892 1593 1059 1674 vigesima
1074 1597 1183 1655 autem
1198 1595 1302 1676 prima
1321 1600 1370 1657 est
1385 1597 1573 1670 catechesis,
1590 1613 1689 1674 quam
1705 1601 1777 1676 post
1798 1595 1936 1657 alteram

286 1676 471 1752 catechesin
489 1693 562 1756 quae
579 1677 683 1754 prima
704 1675 958 1748 inscribebatur,
983 1673 1158 1736 secundam
1174 1675 1365 1764 posuimus,
1384 1679 1420 1736 ut
1439 1673 1575 1741 dicimus
1601 1676 1633 1736 in
1659 1675 1802 1751 blonito,
1824 1675 1937 1758 iatine

285 1751 495 1818 homiliarum
509 1755 548 1818 de
565 1756 697 1827 statuis,
712 1759 744 1816 ct
767 1755 801 1816 in
821 1753 929 1815 ironic
955 1753 1173 1816 catechesium
1196 1753 1325 1832 posito:
1341 1755 1411 1818 haec
1431 1753 1552 1836 quippe
1574 1756 1751 1824 catechesis
1767 1760 1860 1818 extra
1879 1773 1939 1816 se-

285 1835 367 1896 riem
381 1835 590 1900 homiliarum
604 1836 643 1898 dc
657 1835 778 1912 Statuis
801 1835 937 1919 omnino
958 1832 1203 1915 ponendaerat.
1219 1834 1359 1911 Humilia
1373 1843 1482 1898 autem
1505 1837 1538 1896 in
1562 1837 1652 1916 prius
1668 1833 1767 1904 Editis
1783 1836 1938 1921 trigesima

286 1914 430 2056 {scantia
445 1917 577 2058 “giiii
590 1915 689 1978 dubio
703 1914 873 1996 vigesima,
890 1913 1085 1992 quaehabita
1097 1913 1157 1975 luit
1170 1913 1279 1976 decem
1302 1915 1415 2004 diebus
1430 1919 1504 1979 ante
1518 1917 1650 1998 pascha.
1668 1915 1781 1996 ltaque
1801 1915 1862 1977 hoc
1882 1932 1939 1975 or-

308 2010 362 2058 1ne
396 2012 472 2058 roce
497 2014 592 2059 imus.

327 2013 492 2156 Vigpesima
504 2075 637 2140 bomilia
652 2076 721 2140 huc
741 2075 841 2138 habet
853 2075 889 2137 in
902 2075 1010 2147 titulo,
1026 2075 1205 2138 secundum
1218 2074 1345 2140 codices
1358 2091 1378 2140 a
1399 2075 1567 2140 Frontone
1583 2077 1701 2139 Ducaeo
1721 2063 1937 2148 memoratos,

288 2155 502 2236 similiterque
525 2159 559 2218 in
579 2157 705 2236 aliquot
719 2155 853 2225 nostris.
869 2159 900 2217 et
915 2154 1106 2218 nominatim
1121 2155 1249 2236 in'lieg.
1266 2155 1342 2218 1971
1362 2176 1369 2219 :
1385 2157 1480 2219 Dicta
1494 2166 1539 2220 est
1550 2157 1651 2218 decem
1665 2155 1771 2220 dicias
1788 2155 1941 2217 antesan-

289 2243 370 2300 otam
384 2244 413 2299 el
431 2235 589 2318 vivificam
604 2235 734 2299 Domini
747 2237 825 2298 lesu
836 2233 954 2300 Christi
964 2237 1222 2300 resurrectionem
1237 2254 1276 2296 eac
1289 2238 1433 2302 mortuis.
1456 2237 1526 2300 Hoc
1540 2238 1653 2316 utique
1667 2237 1787 2316 optime
1801 2232 1941 2318 quadrat

288 2315 329 2380 ad
356 2316 475 2402 dictum
490 2309 569 2379 illud
583 2316 804 2400 Chryso'stomi
819 2316 918 2396 paulo
932 2319 1007 2378 ante
1021 2313 1118 2377 linem
1135 2315 1275 2383 homiliae
1291 2337 1299 2376 ι
1318 2314 1539 2398 Quadraqinta
1556 2315 1620 2381 dics
1628 2312 1941 2398 praeterierant.‘}la-'

288 2396 449 2478 bita'crgo
476 2397 582 2460 iuerat
613 2398 680 2461 haec
709 2396 822 2459 concio
839 2396 920 2459 toria
946 2397 1039 2458 s'exta
1076 2401 1128 2458 ost
1148 2395 1371 2474 Dominicam,
1392 2416 1491 2480 quam
1520 2394 1682 2474 Passionis
1698 2413 1864 2476 vocamus.
1883 2389 1942 2478 Har

288 2476 410 2556 quippe
425 2477 493 2540 dies
522 2481 593 2541 era't
608 2473 879 2563 quadragesima,
903 2415 1088 2558 i‘ncipieni'o
1110 2489 1131 2539 a
1158 2475 1239 2563 feria
1259 2477 1403 2544 secunda
1422 2483 1494 2558 post
1512 2475 1834 2560 Quinquagosimam,
1867 2476 1942 2562 quao'

289 2562 361 2619 erat
380 2557 506 2620 initium
517 2557 800 2640 Quadragesimae:
824 2562 894 2623 erat
916 2555 993 2617 item
1010 2554 1136 2618 decima
1153 2562 1228 2618 ante
1244 2555 1389 2636 pascha,
1416 2557 1524 2639 ipsum
1551 2557 1672 2638 pascha
1683 2555 1940 2618 annumerando.

288 2633 346 2698 Est
360 2641 467 2699 autem
483 2635 551 2718 baec
561 2639 694 2702 homilia
712 2637 811 2700 leriae
824 2640 892 2700 tota
906 2636 1225 2708 eontra'simultate'm
1241 2642 1272 2701 et
1284 2636 1481 2718 injuriarum
1494 2634 1692 2720 memoriam,
1709 2632 1788 2716 et'in
1803 2635 1866 2718 tine
1883 2651 1942 2716 pro

289 2730 383 2778 mora
397 2717 494 2782 solito
513 2722 628 2780 contra
640 2718 838 2796 juramenta.
1640 2720 1645 2735 ‘
1936 2706 1942 2731 '

329 2794 614 2876 vigesimaprima
630 2795 785 2867 homilia,
799 2813 873 2876 qum
886 2799 935 2858 est
947 2794 1064 2860 ultima
1079 2795 1117 2858 de
1129 2796 1261 2871 Statuis,
1276 2798 1347 2876 ipso
1358 2798 1409 2860 die
1420 2799 1666 2878 resurrectionis
1682 2795 1810 2866 Domini
1832 2796 1943 2860 habita

290 2873 431 2948 ridetur,
450 2889 492 2936 ex
509 2867 637 2959 iis‘quec
650 2877 712 2936 sub
723 2874 853 2937 initium
863 2874 1027 2955 dicuntur,¹
1040 2875 1072 2937 et
1086 2883 1159 2955 post
1171 2876 1311 2939 reditum
1325 2876 1472 2940 Flaviani
1492 2879 1633 2960 episcopi
1649 2899 1657 2954 ;
1673 2878 1768 2956 cujus
1781 2870 1942 2959 profectui

291 2953 332 3018 ad
343 2953 587 3033 imperatorem,
604 2955 710 3016 oratio
725 2954 765 3016 ad
774 2955 921 3019 eumdem
959 2971 995 3019 ro
1013 2955 1117 3020 salute
1129 2957 1269 3020 civitatis
1290 2974 1368 3032 sure,
1382 2959 1552 3038 responsio
1576 2959 1652 3019 item
1666 2956 1875 3036 imperatoris
1890 2951 1943 3018 le-

290 3033 403 3096 nitatis
418 3033 527 3116 plena,
543 3048 610 3114 qua
624 3035 753 3110 reniam
776 3035 901 3098 civibus
916 2973 1099 3114 cipreseas,
1113 3037 1193 3111 baec,
1209 3038 1241 3098 in
1267 3053 1355 3112 uam,
1374 3037 1484 3117 oprnia
1495 3056 1554 3122 per
1568 3041 1668 3099 totam
1683 3036 1872 3115 concipnem
1887 3053 1943 3097 re-

291 3111 444 3176 feruntur
458 3129 478 3178 a
492 3113 735 3196 chrysostomo.
767 3113 814 3176 ad
828 3131 933 3199 usque
959 3120 1069 3186 autem
1083 3115 1222 3182 reditum
1244 3055 1392 3182 §lariani
1413 3119 1498 3180 inter
1511 3137 1599 3202 spem
1616 3121 1646 3180 et
1669 3121 1790 3190 metum
1805 3113 1944 3178 fluctua-

291 3193 374 3334 impii
389 3193 600 3271 antiocheni,
622 3195 679 3278 qui
693 3193 892 3274 quotidianis
914 3197 1103 3277 rumoribus
1118 3199 1337 3275 terrebantur,
1353 3201 1390 3283 ut
1410 3199 1456 3263 ait
1478 3197 1727 3280 chrysostomus
1752 3195 1944 3278 paulopost

309 3287 437 3335 nrum.
565 3287 570 3296 ·
708 3281 712 3292 “
920 3279 923 3286 ’
1937 3272 1943 3294 ·

300 3364 304 3370 ·
336 3351 563 3433 interpretatio
577 3353 693 3420 Latina
714 3359 763 3419 est
785 3355 942 3428 Bernardi
954 3357 1115 3435 Brixiani,
1129 3376 1197 3424 una
1211 3363 1347 3441 excepta
1360 3359 1495 3424 homilia
1508 3404 1516 3434 ,
1531 3377 1646 3438 nempe
1660 3357 1829 3439 vigesima,
1844 3371 1944 3436 quam

293 3431 528 3592 {iggirgzestatus'
551 3439 601 3536 esi
623 3435 737 3531 i’etrus
762 3436 911 3502 Nannius
924 3458 933 3515 3
948 3437 1120 3522 utriusque
1141 3445 1249 3504 autem
1264 3440 1547 3520 interpretationes
1563 3440 1673 3501 multis
1688 3439 1722 3499 in
1744 3436 1823 3500 iocis
1848 3435 1944 3499 casti·

286 3641 288 3655 Ι

301 3683 1936 3754 m

303 3761 328 3772 Ἰ
411 3765 427 3772 ιι

351 4069 356 4076 ε
581 3867 916 4016 sucre
951 3751 1299 3995 earnis
1335 3731 1679 4015 uosrnr
1723 3749 1743 3812 ⁷

394 4102 889 4277 ioannis
948 4109 1835 4308 cunusosaomr,

727 4385 1029 4452 lacmrlsuoel
1050 4386 1532 4462 cohsaanlmoaollraul,

697 4571 957 4674 memmiae
1002 4567 1099 4643 xxa
1149 4567 1220 4645 ua
1267 4561 1506 4643 sraruls
1524 4540 1562 4606 (⁰)

864 4749 897 4789 ΔΙ)
916 4746 1037 4790 adrutum
1058 4742 1246 4789 amalacitarum
1265 4741 1379 4814 lith'l’di.

305 5026 440 5093 flQUlffl
460 5031 572 5088 emt,
595 5029 777 5081 admocum
798 5031 917 5078 illum
945 5032 979 5076 tlt
1000 5029 1111 5075 ΗΒΕΑ
1131 5025 1190 5072 SEU
1210 5025 1327 5070 vut'lttlr
1356 5021 1517 5074 1100111811,
1539 5019 1606 5063 cult
1627 5019 1735 5086 annua
1763 5017 1947 5093 Plillsltss'ss!

344 5132 450 5188 ESSET,
473 5132 507 5206 111
527 5133 622 5198 latua
644 5133 793 5182 APOSTOLI
817 5099 924 5182 111Νο
945 5132 1063 5180 laubaco
1084 5095 1190 5175 uranu
1211 5125 1354 5171 Phoraua
1376 5121 1571 5167 suouactluu
1593 5121 1684 5191 ’1111111
1712 5121 1752 5180 ῌΤ
1779 5119 1948 5185 autequan-

343 5201 645 5298 ars'rnqramarcs
667 5238 747 5301 ruas
784 5219 818 5300 (ι.
841 5219 922 5284 Tim.
946 5217 976 5279 b.
999 5215 1065 5296 23).

925 5359 1325 5427 *pomaeo—¹·—

342 5479 368 5548 l.
385 5478 505 5556 bodistie
526 5480 699 5555 apostolicam
722 5495 826 5550 vocem,
841 5482 931 5540 tubam
945 5483 1100 5546 celestem,
1157 5490 1257 5537 canens
1268 5483 1295 5534 et
1308 5471 1442 5538 bellicum,
1458 5469 1550 5527 hostes
1560 5467 1668 5539 quidem
1681 5473 1845 5534 conteteram,
1861 5465 1951 5534 lapsos

246 5643 251 5654 Ι
305 5571 392 5646 lyram
408 5570 594 5642 spiritualeml
615 5573 720 5634 Etenim
742 5581 878 5646 umquem
900 5574 963 5630 tuba
984 5570 1103 5629 terribile
1155 5579 1244 5656 eutero
1258 5583 1367 5626 suonam
1382 5565 1459 5637 erigit
1472 5564 1587 5631 animos,
1609 5563 1731 5620 etmclta
1754 5560 1867 5632 implens
1881 5560 1950 5614 tido-

336 5708 375 5772 (ιι)
386 5714 476 5780 liorem
483 5707 580 5781 codices
591 5709 745 5770 contulimus,
759 5677 867 5776 quinque
876 5721 968 5784 nempe
979 5706 1068 5772 regios
1077 5714 1104 5760 et
1156 5706 1183 5761 in
1194 5704 1276 5780 aalma
1285 5703 1459 5780 ecclesiaram
1470 5701 1551 5755 adhuc
1565 5715 1595 5768 pr
1653 5704 1690 5752 ter
1701 5682 1771 5757 met,
1783 5694 1807 5748 ia
1818 5696 1880 5749 ittod
1891 5704 1954 5759 ape

304 5767 1105 5888 almi.
1156 5767 1614 5895 lma
1630 5818 1953 5886 ...a

306 5845 485 5967 {lucentulam
495 5894 588 5964 babet:
601 5895 762 5965 chrysostomi
774 5895 1103 5953 acatiiichobitaaatiochia
1158 5891 1364 5956 scandalizaretur,
1385 5898 1408 5944 et
1423 5881 1541 5945 'adrernu
1558 5882 1651 5952 eosqui
1667 5883 1790 5938 cademi
1844 5883 1940 5933 tenure
