4142 6342
286 360 339 421 affl
536 376 538 379 ’

285 490 339 535 tato
351 476 455 535 dissiti?
466 462 624 534 Peccatores
637 472 718 547 igitur
731 471 808 546 quasi
822 486 952 543 pauperes
965 470 1080 527 misera-

285 582 336 639 tur,
352 582 380 629 et
393 584 409 627 a
424 570 504 642 iustis
513 569 612 641 quasia
625 566 752 624 divitibus
761 566 893 622 rationem
903 562 1002 636 exigit:
1015 558 1094 636 ipsis'

283 664 390 737 quidem
398 663 625 735 obpaupertatem
633 657 875 733 elargiens,abillis
884 656 1082 728 remobpleta·
1112 664 1116 673 ·

282 757 317 812 tis
331 755 437 813 diuitias
446 747 509 810 marri
521 752 603 809 multa
613 753 784 810 accuratione
793 752 911 808 rationes
920 762 1079 822 exposcens.

281 848 359 919 Quod
370 855 459 904 autem
475 844 539 902 larcit
561 846 632 903 circa
649 844 736 917 justos
748 848 776 900 et
789 852 953 917 peccatores,
963 840 1079 914 ldipsnm

280 940 346 999 lacit
365 940 436 997 circa
458 937 554 996 divites
576 946 604 994 et
626 950 758 1009 pauperes
778 954 785 991 ι
803 952 836 992 ιι
854 931 1080 1007 quemadmodum

281 1040 449 1106 peecatorem
458 1044 506 1106 per
514 1030 684 1089 clementiam
693 1028 936 1100 excitatetlustnm
942 1040 991 1098 per
1003 1040 1081 1081 serc-

280 1127 386 1185 ritatem
402 1137 495 1195 terret,
510 1127 551 1183 sic
563 1134 591 1181 et
606 1125 739 1181 inmundi
756 1124 870 1196 negotiis
882 1136 957 1178 suam
969 1120 1080 1191 dispen-

280 1220 410 1276 sationem
425 1219 591 1276 moderatur.
602 1217 631 1275 Si
640 1218 738 1274 uiderit
749 1216 922 1288 dignitatibus
936 1213 1078 1285 fulgentes,

279 1328 368 1388 reges,
376 1314 523 1386 principes,
534 1318 665 1385 quotquot
683 1308 781 1367 diuitiis
794 1306 917 1374 albount,
931 1306 981 1362 llos
994 1314 1080 1363 terro-
1115 1316 1119 1325 ’

279 1423 337 1465 rcm
351 1408 485 1465 incutiens
498 1406 742 1479 alloquitur,atque
753 1402 853 1459 utiliter
865 1400 990 1472 potestati
1000 1401 1080 1455 timo·

279 1518 338 1561 rem
352 1502 492 1559 immittit:
508 1500 544 1556 Et
557 1515 623 1555 nnnc
634 1515 704 1570 reges
713 1497 853 1569 intelligite,
868 1495 1003 1550 erudimini
1021 1508 1079 1548 om-

279 1611 324 1651 ncs
336 1596 381 1668 qui
394 1571 521 1668 'judicatis
541 1604 644 1647 terrum.
661 1590 759 1647 Seroite
780 1586 891 1644 Dourino
903 1588 930 1642 in
944 1587 1043 1651 timore,
1056 1594 1080 1640 ct

280 1689 404 1746 esmtnn
422 1688 447 1744 ei
465 1703 522 1743 cum
536 1683 737 1757 tremore(Psoi.
751 1682 779 1738 Ξ.
796 1681 856 1755 16);
872 1680 997 1751 qnoniam
1022 1676 1080 1734 Reor

278 1790 317 1838 est
338 1796 437 1853 requos,
452 1789 477 1835 et
498 1778 624 1834 Dominus
645 1775 833 1831 dontinontiom
845 1774 882 1845 (1.
897 1770 966 1829 Tim.
977 1771 1004 1828 6.
1019 1766 1077 1843 15).

277 1866 330 1930 Ubi
352 1870 494 1943 imperium
515 1878 558 1925 est
578 1866 728 1940 potestatis,
744 1866 780 1922 ibi
803 1864 878 1936 regni
892 1864 934 1919 sui
947 1871 1077 1919 terrorem

277 1962 392 2034 imponit
404 1979 413 2020 a
427 1960 472 2017 nbi
487 1975 553 2017 vcro
566 1958 704 2015 humilitas
727 1956 846 2023 vilitatis,
872 1955 908 2011 ibi
928 1954 1078 2010 remedium

255 2061 259 2067 ’
278 2053 382 2127 proiert
393 2067 450 2111 suae
465 2051 647 2123 benignitatis.
659 2050 732 2106 bens
749 2047 820 2105 enim
840 2056 882 2104 est
900 2046 945 2102 bic
964 2059 1078 2118 magnus

276 2147 337 2205 ilex
348 2162 463 2219 regum,
479 2158 507 2201 et
522 2144 651 2201 [lominus
664 2142 868 2200 dominantium.
891 2140 940 2196 iiie
951 2140 1079 2211 ipserur-

183 2223 190 2241 ’
277 2254 338 2298 sum
348 2238 385 2296 de
395 2253 443 2295 sua
457 2237 585 2308 dignitate
598 2234 774 2299 descendens,
784 2232 919 2289 inuenitur
930 2229 1077 2287 secondum

277 2340 397 2388 sanctam
409 2329 572 2400 Scriptorum
587 2326 666 2383 Pater
686 2325 878 2397 orphanorum,
895 2330 923 2379 et
934 2321 1022 2379 iudex
1034 2321 1077 2376 ri-

277 2422 390 2480 duarum
406 2422 492 2499 (Paol.
506 2419 607 2493 bib),
621 2419 681 2476 Rex
703 2433 808 2492 regum,
828 2417 957 2489 Princeps
977 2413 1077 2487 princi·

275 2531 351 2589 pram,
366 2516 535 2573 domiuorum
551 2513 689 2569 Dominus.
706 2510 789 2567 Vides
801 2508 913 2565 mulum
926 2508 1077 2564 elementiae

276 2609 447 2667 ubertatem?
459 2608 534 2663 vides
549 2605 640 2661 utilem
654 2612 755 2659 ructum
768 2601 875 2673 pletatis
889 2609 916 2655 et
930 2598 1077 2671 potentiae?

275 2698 326 2760 lbi
340 2717 455 2773 namque
468 2700 535 2756 vidit
549 2696 695 2770 potentiam
708 2694 744 2751 ab
756 2695 876 2751 solamen
887 2692 1022 2757 suiliccre,
1040 2691 1075 2745 lbi

273 2785 1075 2863 metumudutilitatemimposuittubivcrouiditorpbaui-
1116 2778 1118 2787 '

255 2895 358 2944 tatem
379 2888 490 2952 uilitate,
506 2897 534 2941 et
545 2891 730 2957 paupertatem
754 2880 939 2937 imbecillitate
962 2878 1077 2935 uiduita-

273 2982 325 3039 tis¹
339 2980 517 3047 debilitatam,
531 2978 700 3036 clementiam
716 2975 748 3033 ad
762 2976 973 3034 consolationem
996 2974 1075 3031 adbi-

273 3076 342 3135 butt.
364 3074 420 3149 Ego
443 3074 523 3129 Pater
542 3074 725 3146 orplmnorum.
748 3069 809 3127 Duo
828 3067 901 3138 lacit',
915 3069 1076 3141 etbcnigni-

275 3178 358 3225 tatem
380 3168 509 3235 ostendit,
530 3174 559 3223 ct
582 3167 727 3238 potentiam
748 3163 835 3235 punit.
857 3162 941 3217 Vocat
957 3161 1074 3233 seipsum

257 3260 382 3317 sacrem
394 3258 605 3331 orphanorum,
629 3264 659 3314 ut
681 3264 709 3313 ct
730 3268 795 3322 eos,
816 3252 905 3326 quiin
924 3252 1076 3308 calamitate

257 3351 412 3410 'coristitutl
440 3361 521 3419 sunt,
546 3350 711 3414 consoletur,
732 3354 761 3404 et
783 3354 907 3419 potentes
927 3345 1073 3413 deterreat,

274 3460 311 3501 ne
332 3442 460 3516 orphanis
479 3442 619 3513 viduisque
639 3440 746 3497 molesti
765 3438 836 3513 sinte
859 3436 1074 3511 quandoquidem

273 3551 350 3593 mors
361 3536 432 3593 bunc
445 3544 530 3609 patre,
542 3534 614 3590 illam
629 3535 689 3589 uiro
702 3532 819 3599 orbavit,
835 3542 862 3587 ct
873 3546 942 3603 quos
954 3532 1075 3602 corrupit
1114 3536 1117 3543 ’

273 3644 348 3686 mors
364 3628 511 3693 naturalis,
535 3624 709 3699 benignitatis
725 3624 865 3681 decretum
882 3624 1009 3681 restituit.
1026 3626 1076 3680 itt-

274 3736 327 3793 que
345 3720 440 3777 eadem
456 3721 512 3791 ipsa
527 3720 610 3791 gratia
633 3717 696 3774 boic
715 3716 825 3789 quidem
847 3714 922 3772 dedit
944 3714 1072 3786 judicem,

274 3812 397 3885 orpbano
409 3823 498 3866 autern
518 3817 621 3881 patrem
635 3808 737 3880 Regem
760 3817 923 3864 sanctorum.
939 3804 1073 3878 itaque,o

273 3906 373 3977 inique,
387 3907 435 3972 ait,
449 3904 472 3958 si
487 3902 594 3957 viduam
609 3902 702 3969 laedas,
717 3899 857 3956 viduarum
870 3901 1071 3969 procuratorem

258 4094 332 4147 'sum
344 4092 422 4146 Pater
437 4088 629 4160 orphanorum,
644 4095 671 4142 et
683 4086 770 4142 iudex
782 4085 932 4143 viduarum.
946 4084 1012 4154 Quis
1026 4100 1075 4139 au-

259 4194 327 4241 ·tcm
351 4184 392 4239 sic
408 4181 496 4238 audax
517 4180 551 4235 ad
565 4180 740 4252 impietatem,
753 4188 782 4234 ut
795 4176 864 4234 litos
875 4178 926 4233 Dei
941 4177 1030 4243 laedat,
1047 4185 1075 4232 et

273 4276 361 4333 uiduis
372 4273 422 4330 snb
437 4272 486 4329 Dei
499 4272 582 4327 tutela
597 4273 690 4344 positis
703 4270 852 4327 molestiam
869 4270 973 4341 pariat?
987 4268 1073 4325 Vides

273 4382 354 4441 quam
370 4365 472 4422 utiliter
485 4365 593 4437 pletatis
605 4364 725 4421 remedia
748 4370 891 4434 praeparet,
907 4371 934 4418 et
949 4363 999 4417 bos
1011 4362 1073 4435 qni·

273 4554 323 4611 sed
336 4552 370 4609 ad
392 4551 530 4608 bominum
553 4549 712 4607 sententiam
735 4544 971 4603 accommodatus?
992 4544 1073 4600 Nobis

259 4648 364 4720 'itaque
378 4646 405 4703 ln
419 4643 568 4702 remedium
580 4642 738 4699 adsalutem
754 4640 929 4696 adhibeamus
945 4639 1073 4710 poeniten·

273 4741 339 4797 tiam
350 4755 359 4807 3
373 4738 428 4795 imo
440 4734 619 4809 potiusabeo
627 4734 789 4804 accipiamus
802 4732 983 4805 poenitentiam
995 4729 1073 4787 nobis

273 4821 439 4888 medentem.
453 4826 512 4884 Non
522 4827 596 4883 eninr
610 4840 660 4881 nos
672 4825 742 4882 banc
755 4825 792 4880 ilii
804 4824 952 4889 oberimus,
967 4824 1014 4879 sed
1029 4823 1073 4878 ille
1114 4817 1116 4823 ’

273 4922 353 4980 nobis
361 4936 420 4978 cam
432 4917 653 4976 subministravit
664 4916 745 4973 Vides
758 4918 816 4985 ejus
831 4918 857 4973 in
871 4918 930 4988 lege
944 4918 1073 4974 seuerita-

273 5025 329 5073 tem
339 5013 352 5071 l
363 5013 445 5082 rides,
458 5011 518 5084 ejus
533 5027 561 5067 ιιι
573 5011 657 5082 gratia
672 5009 883 5083 benignitatem?
901 5010 968 5065 Cum
982 5020 1072 5067 amem
1114 5020 1120 5033 ‘

273 5110 335 5167 dieo
355 5106 526 5165 seueritatem
548 5106 575 5161 in
594 5105 672 5177 lego,
693 5120 747 5161 non
760 5105 874 5162 detraho
888 5104 1008 5177 judicio,
1024 5105 1073 5162 sed

274 5199 435 5275 evangelice
448 5198 542 5271 gratim
554 5196 724 5253 clementiam
738 5196 855 5268 praedico
869 5216 877 5252 ι
891 5197 1016 5270 quoniam
1031 5198 1073 5254 lex

257 5308 262 5319 ·
273 5295 333 5353 sine
340 5290 501 5351 remissione
510 5297 668 5364 peccatores
678 5289 814 5360 puniebat,
824 5290 906 5363 gratia
915 5304 979 5344 vero
990 5288 1073 5345 molta

240 5437 244 5445 .
272 5403 335 5447 cnm
348 5386 550 5461 longanimitate
563 5382 653 5466 dibert
665 5383 823 5456 supplicium
837 5423 844 5449 ,
864 5392 890 5438 ul
907 5382 1073 5439 emendatio·

274 5480 465 5541 nemiuducat.
474 5470 762 5548 Poenitentiamitaque
770 5476 956 5546 suscipiamus,
966 5475 1072 5545 iratres,

182 5605 188 5615 ·
275 5576 407 5637 modelam
418 5574 453 5638 ad
468 5573 592 5640 salutem,
603 5567 781 5642 suscipiamus
792 5567 951 5624 medicinam
964 5577 1073 5638 peccata

275 5680 369 5727 nostra
376 5667 523 5727 delentem.
530 5664 692 5722 Poenitentia
700 5671 789 5718 autem
800 5668 850 5727 cst,
860 5675 913 5715 uon
920 5672 981 5731 quae
991 5659 1074 5716 verbo

189 5903 207 5937 ,
312 5860 808 5927 memsammmmmms.

652 358 682 417 s.
697 351 840 443 ,scamus
857 320 1095 414 cnnrsosmm
1116 348 1277 414 tuentur.
1297 352 1569 418 consumamur.

1880 360 1934 423 316

1138 468 1315 539 predicator,
1335 472 1383 529 sed
1401 488 1461 545 quae
1475 470 1601 547 operibns
1620 478 1761 549 brmatur;
1777 482 1936 555 poenitentia

1136 570 1186 629 est,
1197 578 1257 637 quae
1266 578 1299 621 ex
1311 564 1460 637 ipsocorde
1469 568 1542 625 delet
1556 570 1687 627 maculam
1700 572 1855 647 impietatis.
1866 576 1934 637 Nam

1135 652 1278 721 ducamini,
1290 657 1385 731 inquit,
1396 661 1485 716 mundi
1494 670 1583 733 estole,
1596 666 1694 737 repnte
1705 658 1934 739 nequitiosexcor·

1135 746 1209 805 dibus
1222 750 1310 806 ratris
1319 768 1336 807 ιι
1344 762 1479 825 conspectu
1491 756 1621 811 oculorum
1631 774 1744 813 nasorum
1756 756 1831 835 (isui.
1839 762 1865 819 1.
1877 764 1935 833 16).

1135 838 1204 909 Quid
1218 840 1269 899 sabi
1282 842 1339 899 mlt
1354 858 1385 900 cu
1403 844 1528 902 dictionis
1547 846 1746 905 redundantia?
1765 867 1826 907 nam
1845 854 1934 923 iilud,

1136 931 1241 1007 dasem
1260 936 1384 1006 nequitias
1400 952 1432 993 ec
1444 939 1562 996 cordibus
1574 942 1661 998 uestris
1673 984 1680 1009 ,
1694 958 1785 1000 nonne
1798 946 1862 1001 satis
1876 958 1936 1005 erat

1134 1026 1167 1081 ad
1182 1034 1265 1082 totum
1281 1029 1451 1087 indicandum
1461 1032 1475 1087 l
1487 1030 1541 1090 Cor
1553 1034 1674 1103 addidit,
1688 1035 1709 1091 Δ
1724 1048 1857 1111 conspecto
1871 1058 1934 1096 oera-

1135 1118 1218 1173 lorom
1238 1136 1351 1176 meorum
1362 1122 1376 1177 l
1388 1122 1521 1193 Quoniam
1535 1126 1589 1183 alio
1603 1126 1683 1183 modo
1696 1126 1786 1185 vident
1800 1132 1869 1187 oculi
1885 1133 1936 1187 hn-

1135 1209 1247 1277 mlnum,
1263 1212 1317 1267 alio
1330 1214 1424 1271 oculos
1440 1214 1486 1273 Dei
1502 1235 1509 1271 ε
1526 1216 1611 1275 Homo
1623 1220 1694 1276 enim
1709 1223 1735 1277 in
1747 1224 1849 1295 sociem,
1864 1222 1935 1282 Deua

1134 1302 1232 1379 incur(
1240 1307 1265 1361 1.
1276 1304 1340 1379 liep.
1353 1306 1396 1365 16.
1411 1306 1448 1381 7).
1461 1310 1500 1367 Νι
1513 1312 1621 1383 speeie,
1636 1314 1732 1389 inquit,
1748 1320 1934 1389 poenitentiarn

1134 1397 1306 1467 adulteretis,
1324 1400 1371 1457 sed
1387 1408 1416 1457 ln
1438 1414 1583 1475 conspectu
1597 1408 1735 1465 oculorum
1751 1426 1873 1468 meorum
1887 1428 1933 1470 oc-

1133 1490 1204 1545 culta
1217 1494 1393 1551 scrutantium
1408 1496 1541 1553 ostendite
1554 1498 1654 1557 tructus
1668 1502 1842 1573 paenitentiae.

1175 1584 1202 1638 l.
1223 1584 1436 1656 Oportetantem
1460 1604 1547 1646 rrosa
1576 1592 1694 1663 peccatis
1722 1606 1851 1669 purgatos
1873 1596 1932 1672 ipsa

1134 1684 1242 1744 peccata
1258 1686 1320 1733 ante
1334 1680 1427 1737 oculos
1440 1682 1549 1741 babere.
1563 1682 1691 1757 Quamvis
1701 1689 1773 1745 crtbn
1788 1690 1858 1747 ileos
1874 1692 1932 1751 cle·

1132 1768 1231 1823 meantia
1252 1784 1298 1826 sua
1321 1782 1459 1843 peccatum
1480 1778 1632 1848 condonant,
1656 1789 1684 1837 lu
1705 1782 1739 1839 ad
1760 1786 1933 1846 securitatem

1132 1860 1229 1917 animur
1246 1868 1299 1919 tum
1322 1860 1464 1938 peccatum
1484 1880 1546 1929 aute
1561 1874 1653 1930 oculos
1668 1872 1738 1931 habe
1753 1896 1760 1932 :
1774 1880 1932 1949 praeceden-

1132 1952 1197 2005 tium
1210 1955 1282 2011 enim
1294 1960 1424 2014 memoria
1438 1957 1587 2018 futurorum
1599 1964 1817 2037 impedimentum
1830 1982 1888 2027 est:
1901 1964 1933 2030 'et

1132 2045 1177 2115 qui
1192 2046 1226 2101 dc
1247 2049 1381 2117 prioribus
1403 2050 1549 2119 mordetur,
1563 2054 1596 2110 ad
1619 2059 1758 2128 sequentia
1783 2063 1931 2121 cautiorem

1131 2136 1239 2194 exhibet
1252 2150 1379 2198 metllcm.
1394 2140 1510 2215 ideoque
1523 2146 1618 2215 David,
1632 2144 1668 2203 br
1678 2160 1808 2221 peccatum
1825 2171 1930 2223 nteunr,

1131 2228 1232 2299 inquit,
1248 2242 1337 2287 contro
1350 2250 1390 2290 nte
1401 2244 1438 2290 cst
1456 2252 1553 2309 scrrrper
1563 2237 1648 2309 (Psoi.
1658 2240 1703 2297 66.
1719 2240 1758 2311 5),
1777 2252 1807 2299 ut
1825 2261 1930 2317 praece·

1130 2321 1219 2379 denlia
1230 2336 1293 2382 urite
1305 2328 1397 2384 oculos
1412 2328 1523 2399 babens,
1538 2346 1572 2389 ne
1586 2332 1684 2390 incidat
1697 2337 1723 2391 in
1738 2338 1837 2395 lutura.
1852 2340 1929 2413 Quod

1130 2423 1219 2472 autem
1241 2416 1311 2475 itone
1334 2436 1349 2475 a
1370 2422 1448 2478 nobis
1472 2422 1542 2480 Deras
1565 2434 1663 2483 statum
1689 2440 1818 2502 expetat,
1842 2433 1929 2507 ipsum

1130 2508 1191 2564 audi
1208 2508 1340 2567 dicentem
1357 2530 1364 2567 :
1382 2514 1437 2587 Ego
1451 2518 1558 2591 sumqui
1572 2519 1642 2577 deleo
1657 2534 1760 2594 percolo
1772 2534 1827 2591 tua,
1842 2538 1865 2581 cl
1878 2546 1930 2585 nort

1130 2604 1302 2660 recordabor:
1325 2616 1351 2660 lu
1374 2616 1459 2664 cutem
1482 2612 1632 2679 recordare,
1658 2617 1853 2689 mpedimento,
1870 2622 1929 2677 dicit

1129 2696 1255 2754 Dominus
1266 2716 1276 2753 .·
1286 2700 1327 2753 dic
1340 2710 1367 2754 to
1380 2703 1451 2772 prins
1463 2714 1567 2773 peccota
1587 2713 1639 2774 luo,
1654 2716 1681 2763 nt
1689 2711 1840 2781 justificeris
1850 2712 1927 2786 (isai.

1129 2788 1175 2847 13.
1183 2789 1229 2847 16.
1236 2790 1294 2859 dd).
1308 2792 1366 2849 Non
1377 2806 1515 2863 exspectat
1527 2796 1598 2853 bens
1613 2808 1717 2870 tempus
1730 2817 1746 2857 a
1758 2805 1930 2874 paenitentia·

1129 2882 1223 2939 Dixisti
1237 2893 1376 2954 peecatum
1392 2895 1482 2957 tuum,
1496 2888 1657 2959 justificatos
1674 2908 1703 2948 cs
1719 2912 1726 2949 a
1744 2898 1928 2965 pnerritentiam

1129 2976 1226 3047 egisti,
1249 2977 1460 3035 misericordiam
1484 2996 1514 3036 es
1533 2991 1724 3053 consequutus.
1742 2986 1797 3043 Nou
1821 2997 1926 3065 tempus

1128 3082 1248 3137 excusat,
1262 3072 1310 3129 scd
1322 3074 1477 3145 poenitentis
1489 3092 1578 3134 mores
1591 3091 1729 3150 peccatum
1742 3086 1926 3159 exstinguunt.

1128 3160 1200 3217 Fieri
1224 3172 1329 3233 potest,
1362 3178 1390 3221 ut
1419 3168 1463 3239 qni
1490 3168 1575 3224 molto
1597 3182 1717 3243 tempore
1741 3176 1927 3245 excubaverit,

1128 3253 1241 3311 salutem
1258 3273 1310 3313 non
1323 3270 1513 3331 consequatur,
1525 3271 1553 3321 cl
1566 3264 1671 3322 modico
1684 3275 1803 3338 tempore
1821 3274 1929 3331 sincere

1129 3350 1285 3419 consessus,
1311 3360 1449 3422 peecatum
1478 3364 1568 3412 cruat.
1597 3352 1707 3412 llulturn
1731 3364 1860 3433 temporis
1886 3364 1928 3421 in·

1128 3442 1242 3513 sumpsit
1270 3440 1379 3501 Samuel
1402 3461 1451 3516 pro
1478 3446 1557 3504 Saule
1580 3446 1748 3520 deprecans,
1774 3454 1927 3528 multasque

1127 3544 1221 3593 noctes
1234 3536 1370 3597 insomnes
1386 3540 1515 3611 transegit
1529 3557 1578 3613 pro
1592 3545 1727 3613 peccantis
1740 3547 1842 3617 salute,
1856 3548 1927 3608 bens

1127 3637 1216 3683 autem
1228 3630 1340 3701 tempori
1356 3645 1408 3685 non
1422 3632 1580 3701 attendens,
1593 3636 1655 3705 quta
1668 3636 1807 3715 propbetm
1824 3642 1927 3713 suppli-

1115 3714 1197 3776 'cario
1216 3736 1270 3776 uon
1292 3724 1467 3779 concurrebat
1495 3740 1555 3779 cum
1580 3730 1730 3797 peccatoris
1758 3732 1921 3799 poenitenda,

1127 3813 1265 3897 propbetas
1280 3828 1330 3871 suo
1343 3812 1427 3871 dixit:
1445 3814 1581 3891 Usquequo
1600 3828 1627 3873 tu
1651 3820 1738 3893 lnqea,
1754 3822 1829 3890 Sosii,
1842 3835 1864 3881 et
1877 3842 1923 3899 eqo

1117 3904 1270 3981 'rejecissent
1282 3904 1321 3979 (1.
1339 3904 1403 3979 iisq.
1427 3906 1472 3963 16.
1487 3908 1537 3981 1))
1552 3909 1634 3979 111ιιι1,
1649 3928 1794 3985 usqoequo,
1821 3927 1926 3988 tempus

250 3992 420 4071 ·'provocas;
435 3994 458 4050 si
473 3994 609 4063 orpbanos
631 4007 724 4058 vexes,
748 4004 831 4048 nexas
850 3989 922 4046 lilios
942 3990 1001 4047 bei.
1013 3989 1074 4061 Ego
1116 3990 1120 4001 '

1127 3998 1244 4055 declarat
1255 4043 1263 4068 ,
1276 4010 1304 4057 et
1327 4002 1500 4072 supplicantis
1522 4008 1749 4075 perseverantiam
1763 4026 1770 4063 ι
1784 4019 1811 4065 ιι
1828 4010 1926 4081 repulit

1127 4090 1198 4148 Deus
1214 4102 1317 4165 tempus
1330 4092 1525 4165 deprecationis
1539 4096 1694 4171 propbeta:
1711 4116 1765 4157 non
1778 4103 1850 4157 enim
1863 4118 1926 4160 cum

1124 4182 1188 4257 justi
1214 4186 1365 4243 interuentu
1394 4188 1464 4261 regis
1486 4191 1642 4263 poenitentia
1671 4196 1815 4250 concurrit.
1841 4196 1926 4254 Beato

1126 4288 1216 4334 antem
1232 4280 1337 4349 baridi,
1352 4282 1397 4354 qui
1412 4285 1609 4355 correptionem
1622 4288 1705 4343 sancti
1715 4286 1844 4346 Nathanis
1859 4306 1924 4361 pro·

1115 4359 1215 4443 'phetae
1239 4387 1412 4447 susceperat,
1432 4386 1460 4433 et
1483 4380 1572 4433 statim
1600 4389 1659 4451 post
1687 4382 1925 4441 comminationem

257 4460 336 4518 'dem
352 4466 463 4528 terreat,
477 4459 538 4514 iilos
559 4472 625 4513 rero
647 4456 799 4519 miseretur,
814 4470 867 4509 nou
882 4454 939 4525 ipse
960 4452 1071 4520 diuisos,
1118 4465 1120 4473 ¹

1126 4482 1218 4523 ueram
1230 4469 1435 4525 conversionem
1449 4471 1612 4540 ostenderat,
1629 4472 1798 4547 dixeratque,
1813 4474 1925 4533 Pcccoor

1128 4558 1238 4615 Domino
1253 4558 1290 4633 (1.
1304 4558 1368 4633 Reg.
1383 4562 1427 4617 tt.
1444 4564 1506 4632 ts);
1528 4566 1618 4619 statim
1642 4582 1696 4621 urm
1714 4566 1843 4637 temporis
1864 4584 1925 4625 mo-

1128 4652 1340 4708 mentsverbum
1355 4654 1459 4709 sineere
1477 4656 1610 4725 prolatum
1633 4657 1762 4729 integram
1782 4660 1926 4730 poenitenti

1126 4744 1214 4800 attubt
1225 4744 1339 4801 salutem
1352 4764 1359 4801 ι
1371 4748 1511 4803 confestim
1529 4764 1644 4823 nantqne
1656 4754 1816 4809 sententiam
1830 4770 1926 4821 emen-

1126 4834 1199 4891 datio
1212 4844 1325 4908 sequuta
1345 4848 1396 4895 cst.
1411 4840 1455 4894 bit
1468 4838 1548 4911 igitur
1560 4841 1596 4896 illi
1611 4839 1715 4899 Nathan
1731 4864 1738 4899 :
1752 4844 1786 4900 Et
1798 4845 1925 4910 Domitius

1127 4929 1223 4985 dimisit
1238 4930 1247 4963 ¹
1264 4941 1395 5003 peccatum
1409 4942 1480 4989 tunm
1496 4931 1600 5008 (llic).

1164 5023 1233 5081 Dens
1259 5024 1347 5082 rnrdm
1364 5024 1399 5079 od
1413 5044 1530 5097 penum,
1545 5028 1617 5083 ocios
1628 5027 1662 5083 od
1674 5030 1792 5087 sulutem.
1806 5064 1842 5075 -
1860 5036 1926 5093 vide

1127 5114 1192 5173 milri
1208 5115 1290 5173 ileum
1303 5118 1407 5173 tardum
1421 5119 1454 5173 ad
1467 5134 1572 5189 poenarn
1588 5130 1615 5178 ct
1627 5122 1743 5180 velocem
1756 5125 1922 5185 adsalutem.

1129 5208 1161 5265 Et
1172 5208 1236 5265 mibi
1252 5212 1367 5282 primum
1381 5214 1467 5285 cogita
1482 5216 1617 5286 quomodo
1632 5217 1717 5274 multo
1732 5226 1792 5290 post
1802 5204 1926 5297 tempore

1128 5305 1320 5363 correctionem
1335 5306 1454 5364 clemens
1469 5308 1566 5365 intulit.
1578 5298 1699 5368 Peccavit
1711 5313 1804 5381 David,
1818 5325 1925 5373 uterum

1128 5398 1240 5471 gestarit
1253 5400 1359 5471 mulier,
1375 5400 1501 5473 nullaque
1513 5404 1645 5460 eorrectio
1659 5416 1797 5475 peccatum
1811 5420 1924 5487 sequuta

1128 5502 1187 5561 ost;
1203 5492 1325 5566 sedpost
1341 5494 1451 5553 infantis
1464 5496 1497 5552 de
1509 5488 1621 5569 peccato
1634 5501 1688 5553 nati
1705 5506 1826 5569 partum,
1841 5501 1925 5579 mitti-

1129 5595 1171 5641 tur
1183 5587 1284 5658 peccati
1297 5586 1425 5644 medicus.
1439 5588 1495 5643 Cur
1512 5596 1600 5645 antem
1623 5600 1778 5661 peccantem
1801 5594 1925 5671 protinus

1128 5694 1181 5735 non
1201 5661 1347 5736 ‘eomexitl
1371 5678 1502 5749 Quoniam
1524 5678 1589 5737 vidit
1611 5680 1637 5737 in
1664 5681 1727 5752 ipsis
1751 5692 1923 5755 peccatorum

1161 5864 1169 5893 ¹
1187 5866 1247 5923 neg.
1260 5868 1331 5919 unum
1345 5854 1458 5911 bondntts
1468 5856 1570 5911 ἑιιιιιιιίι.
