4142 6342
270 500 358 559 sancti
365 498 488 559 sacrificii
500 499 560 557 llus.
568 496 632 556 ilaec
639 504 729 555 mente
741 494 899 559 retinentes,
909 498 937 547 et
944 488 1064 564 quonium

265 570 331 667 'quae
352 594 388 651 dc
411 591 652 661 iuxuriadiriutus
673 584 823 655 recordati,
835 591 999 667 'quantaque
1023 578 1066 635 bis

271 702 352 761 poena
374 674 460 760 posita
475 686 530 754 sit,
551 684 597 757 qul
611 683 809 741 incontinenter
822 688 850 737 et
869 678 958 735 minus
971 673 1066 747 pudice

272 778 418 850 respiciunt
437 779 466 834 iu
480 776 602 835 mulieris
612 776 723 845 faciem,
736 782 832 844 elprae
845 770 967 842 gebenna
976 766 1023 823 liei
1034 766 1067 823 ti·

639 377 671 436 8.
689 372 830 435 toannts
848 364 1084 430 cuntsostottt
1103 362 1263 424 nudulum
1283 364 1554 433 conspurt'rtttor.

1859 363 1914 425 bii

1112 480 1167 552 ‚sed
1181 482 1208 553 in
1219 481 1345 551 salutem,
1356 482 1487 539 etanimae
1494 480 1648 561 mnitatebr,
1659 478 1839 553 fiduciamque
1850 496 1916 541 cotr-

1120 573 1220 629 tinuam
1241 572 1335 630 salutis
1360 572 1440 645 buius
1458 574 1636 646 suscipiamus
1661 573 1715 631 tiu
1729 572 1915 643 Citristoiesu

1119 665 1234 723 Domino
1247 674 1340 723 nostm
1354 708 1362 735 ‚
1377 668 1420 724 cui
1448 666 1534 741 gioria
1557 674 1585 725 et
1611 666 1752 741 imperium
1767 667 1794 725 in
1815 668 1916 725 saecula

1119 757 1390 833 seculoruutquen
1404 757 1425 816 ¹.
1744 784 1746 789 ¹

266 846 717 948 proremetcaritatembabsntes
741 872 803 921 ante
816 862 922 927 oeulos,
945 864 1065 915 nosmet·
1115 906 1119 921 ,

209 1015 213 1020 ,
272 962 346 1033 ipsos
360 962 478 1035 undiquc
490 969 646 1042 purgantes,
659 961 700 1017 sic
714 958 799 1017 saeris
809 954 944 1028 mysteriis
956 952 1067 1025 propiu—
1115 1000 1118 1011 .

272 1070 393 1125 quernus,
403 1070 438 1113 ne
450 1052 482 1111 in'
489 1055 619 1126 iudicium
632 1050 886 1119 damnationemque
899 1045 976 1103 nobis
988 1044 1064 1109 daut,

1153 957 1922 1065 ¹nunccuparen'enpertsmmupemuoesmaqmsrm

1120 1053 1918 1161 tiuesmpatre‘etrmsetospiruuineoentlcroeculorsmrm.

781 1290 963 1371 suumn
984 1290 1056 1363 nn
1088 1262 1430 1378 emmenum
1461 1272 1495 1335 Ψ

274 1474 317 1520 ter
337 1443 594 1535 couruncrtonu,
616 1471 658 1517 rr
679 1470 765 1525 ouon
778 1467 860 1513 ursus
881 1464 930 1511 sir
950 1460 1119 1509 rnoumus
1135 1466 1178 1511 sn
1198 1472 1358 1535 saturnu,
1381 1480 1422 1523 nr
1442 1478 1568 1527 aarum
1589 1482 1633 1528 au
1645 1452 1770 1531 eornm
1785 1484 1793 1527 a
1808 1482 1842 1529 ut
1858 1482 1924 1537 qno

792 1566 835 1612 ΕΤ
854 1562 1018 1611 reinnerus
1039 1562 1081 1605 nit
1102 1564 1211 1614 RAHAB
1232 1575 1393 1623 rttsrontt.

540 1825 651 1869 remur
670 1807 766 1883 tu(s).

316 1928 346 1984 l.
370 1925 483 1998 Semper
493 1901 601 1997 quidem
613 1907 719 1981 divinus
731 1920 867 1993 apostolus
879 1920 968 1977 diuina
988 1919 1070 1975 cuele-

281 2018 369 2096 stique
382 2017 465 2074 utitur
481 2016 591 2087 lingua,
613 2030 646 2072 ac
664 2014 773 2071 seientia
787 2013 870 2069 multa
890 2010 1073 2084 evangelicum

279 2111 348 2169 terit
359 2111 471 2167 terbum
487 2127 495 2164 ι
510 2123 566 2165 non
579 2123 614 2165 ex
628 2123 675 2165 sua
688 2108 820 2166 sententia
835 2115 937 2163 temere
949 2106 1073 2177 loquens,
1118 2174 1122 2183 ,

274 2191 330 2259 scd
342 2195 426 2273 regali
443 2190 602 2257 auctoritate
615 2199 740 2271 dogmata
753 2198 904 2271 proierens.
933 2198 989 2254 linc
1011 2211 1075 2254 tero

278 2293 449 2366 potissimum
459 2292 543 2347 utitur
553 2290 677 2356 seientia,
688 2288 795 2361 quando
807 2288 978 2360 peccantibus
990 2286 1077 2359 poeui·
1120 2350 1124 2364 ¹

273 2388 371 2444 'tentiae
383 2385 493 2443 verbum
507 2384 605 2456 ingerit
618 2400 625 2439 ι
639 2383 740 2455 quade
754 2400 784 2459 re
796 2396 843 2439 vos
854 2382 910 2455 jam
920 2381 1076 2438 admonitu·

275 2492 328 2535 rus
338 2463 408 2534 sum.
424 2475 544 2535 ardisus
557 2475 664 2547 ltaque,
674 2483 709 2555 ¹ut
727 2474 861 2546 sigillatim
883 2463 917 2531 ca
932 2488 993 2546 quae
1005 2472 1076 2528 dicta

271 2554 345 2625 ‘snut
356 2577 484 2640 nomm,
501 2566 635 2638 quemme
648 2562 958 2637 Corinthios‘alloquens
972 2563 1077 2622 dicebat

279 2642 407 2717 sueonos
420 2658 467 2715 ille
479 2658 610 2730 nir-atque
621 2656 814 2715 admirandus:
831 2655 873 2712 Ne
887 2664 955 2729 porte
964 2657 1077 2727 ueniens,

273 2750 375 2805 ‘maltos
390 2741 599 2821 defleam'earnm
610 2750 655 2821 qui
667 2750 740 2822 priua
752 2741 929 2822 peccauerunt,
949 2760 973 2805 et
995 2748 1077 2822 paeni·

272 2841 384 2897 tentiam
394 2856 447 2896 nor
458 2846 563 2912 egerunt
574 2839 612 2913 (2.
621 2838 681 2897 Gor.
691 2838 802 2914 imi).
814 2827 1015 2915 Homo'quidem
1027 2854 1077 2896 na-

273 2938 340 2985 ·turt
359 2945 472 3003 maguus
491 2930 537 2988 bic
547 2930 643 2988 doctm
656 2940 734 3000 erat,
747 2930 797 2988 sed
808 2932 946 3004 proposito
966 2932 1012 2988 liei
1024 2931 1079 2988 mi·

281 3020 366 3077 nister
379 3038 387 3078 ι
401 3020 463 3077 ideo
475 3019 550 3077 velut
571 3020 674 3077 calesti
686 3019 801 3093 quadam
824 3022 908 3077 utitur
918 3090 921 3096 Ι
930 3020 1018 3093 lingua
1029 3062 1038 3090 ,
1051 3030 1079 3078 et

280 3112 359 3183 quasi
370 3100 404 3168 er
414 3096 482 3183 lpsis'
491 3112 565 3169 coeiis
578 3112 743 3183 loqueretur,
758 3114 798 3169 sic
810 3112 998 3170 interminatur
1011 3128 1078 3186 pce·

282 3204 430 3273 caloribus,
451 3191 481 3261 et
494 3203 687 3276 paenitentibus
705 3204 921 3277 propitiationem
934 3206 1077 3278 promittit.

280 3294 349 3352 Cum
370 3284 459 3352 autem
479 3295 539 3352 buc
551 3294 630 3365 dico,
648 3295 906 3368 nequaquaml‘atdi
919 3297 1016 3370 linguar
1030 3314 1079 3357 au·

280 3372 434 3446 ctoritatem
444 3373 634 3457 adscribo,scd
647 3388 738 3445 adlici
750 3390 863 3461 gratiam
872 3400 956 3448 totum
968 3389 1057 3448 relero
1069 3409 1078 3449 ι

277 3479 320 3537 'de
331 3494 385 3551 quo
398 3471 457 3551 lpse
470 3479 577 3537 dicebat
592 3498 599 3536 a
619 3479 660 3536 An
673 3480 872 3552 experimentum
885 3483 940 3553 eiua
953 3484 1078 3554 quoemtlr,

283 3562 328 3645 qis
339 3564 373 3627 'm
396 3562 438 3630 ae
451 3558 587 3645 'aqum
602 3572 721 3644 cteris(
737 3574 765 3654 a,
779 3573 839 3631 cor.
859 3574 903 3631 ts.
919 3574 983 3646 apr
996 3573 1080 3646 igitur

282 3652 455 3735 peccantibus
462 3661 584 3723 beneficii
597 3648 757 3723 medicinam
767 3667 902 3739 supponit,
908 3676 936 3724 et
946 3668 1080 3739 poeniten·

282 3756 348 3811 tiam
372 3746 409 3812 'ati
426 3751 550 3812 salutem.
565 3755 709 3814 Concurrit
723 3756 813 3815 autem
837 3759 917 3835 bodie
933 3776 994 3816 cum
1013 3776 1081 3832 apo·

282 3837 377 3903 stolica
386 3838 502 3904 lectione
509 3848 662 3919 evangeliea
670 3848 752 3906 etiam
761 3848 908 3907 salvatoris
922 3854 1077 3923 auctoritas,

263 3934 342 4008 [qnae
352 3929 522 4009 peecatorum
541 3924 727 3998 remissionem
741 3940 851 4022 copiose
868 3942 987 4015 largitur.
1012 3944 1081 4001 Nam

281 4021 347 4085 cum
357 4019 532 4105 paralyticum
547 4042 666 4103 sanaret,
680 4034 788 4093 dicebat
799 4035 938 4107 salrator,
954 4038 1081 4095 uomodo

282 4122 408 4179 audistis:
420 4122 486 4192 Fili,
500 4110 663 4183 remittuntur
676 4126 723 4183 tili
731 4137 834 4199 peecata
843 4137 887 4184 tna
896 4128 1080 4202 multnlilnre.

281 4211 311 4268 2.
323 4212 369 4285 5):
385 4214 507 4273 remissio
531 4224 621 4274 autem
636 4228 806 4290 peecatorum
824 4228 867 4278 est
886 4222 946 4277 lons
964 4222 1081 4294 salutis,

283 4312 312 4359 et
324 4305 464 4374 praemium
487 4307 663 4377 poeniteutiae.
678 4310 838 4368 Remedium
852 4312 950 4385 quippe
968 4322 1010 4371 est
1021 4328 1082 4386 pes·

284 4383 408 4465 nitentia,
422 4392 495 4469 quo'd
509 4408 649 4470 peecatum
670 4401 762 4460 tollit:
779 4403 879 4460 donum
900 4406 1018 4474 eaeieste,
1028 4406 1083 4462 vir·

283 4479 328 4541 tus'
336 4485 509 4559 admirabilis,
520 4492 604 4561 gratia
617 4477 704 4574 legum
718 4510 825 4577 cursum
835 4498 1082 4569 superauslluam·

284 4578 377 4637 obrem
394 4596 448 4639 uon
458 4579 648 4644 fornicatorem
665 4589 763 4658 renuit,
773 4604 827 4646 nou
837 4590 972 4647 moecbum
985 4591 1080 4665 abigit,

284 4688 339 4730 nou
353 4674 487 4733 ebriosum
508 4689 665 4751 aversatur,
676 4696 731 4738 nun
742 4682 908 4762 idololatram
922 4685 1081 4758 detestatur,

283 4784 338 4826 nou
348 4770 506 4829 maledicum
514 4774 629 4847 repellit,
640 4790 695 4833 uon
704 4776 890 4848 blasphemum
901 4782 1081 4853 persequitur,

283 4874 337 4916 non
353 4851 543 4944 arrogantem}
558 4866 606 4923 sed
624 4880 720 4925 omnes
741 4869 876 4938 immutat,
891 4873 993 4943 peccati
1008 4874 1082 4930 enim

282 4951 468 5013 conflatorium
480 4968 523 5015 est
532 4960 691 5031 paenitentia
704 4963 726 5017 ¹.
747 4960 843 5035 Operae
859 4965 977 5037 pretium
990 4977 1082 5024 autem

282 5054 324 5103 est
337 5041 453 5117 primum
469 5048 517 5105 liei
530 5042 640 5124 scopum
652 5060 831 5128 cognoscere,
847 5072 901 5113 non
926 5074 960 5115 er
980 5060 1081 5131 cogita-

282 5137 400 5195 tionibus
414 5141 513 5199 uostris
523 5144 604 5200 talem
612 5143 822 5217 speculationem
832 5148 974 5227 adeuntes,
985 5150 1033 5207 sed
1048 5166 1083 5209 cx

283 5224 350 5299 lpsis
359 5229 458 5289 divinis
469 5232 618 5307 seripturis
631 5245 787 5299 attestatum
802 5238 945 5300 ueritatem
964 5243 1081 5301 demon·

282 5325 415 5381 strantes'
529 5364 532 5369 -
677 5349 681 5358 ·
871 5350 875 5359 ·

284 5420 287 5428 ·
323 5413 411 5473 Virtus
422 5411 563 5488 parentum
574 5425 682 5496 porterit
701 5426 813 5499 pretim.
825 5460 863 5472 -
885 5428 987 5501 scopus
1007 5429 1064 5486 ileo

283 5504 347 5564 tlum
372 5500 560 5584 longanimiter
576 5511 765 5592 agit,'duplex
787 5531 839 5591 cst,
853 5521 886 5578 ad
913 5522 1065 5595 salutemqu
1110 5538 1114 5621 ἑ

1110 5634 1113 5641 -
1138 5590 1266 5660 medelum
1290 5604 1453 5661 reservans?
1481 5606 1580 5677 ncetpe
1600 5605 1635 5663 de
1655 5598 1936 5688 caetero'superipsit

237 5664 240 5670 -
283 5664 1070 5813 wremoxsmmfflfflmssm

314 5762 1001 5887 tapwnmmf‘mffi‘ffl'ssnatmmsm.
1067 5794 1069 5801 ’

1056 1818 1059 1838 t
1126 1810 1257 1880 propitius
1274 1829 1280 1869 :
1300 1812 1366 1886 ipsis
1380 1815 1508 1875 nimirum
1524 1819 1715 1890 penitentibus
1731 1822 1843 1879 salutem
1862 1832 1926 1894 pro·

1128 1910 1214 1969 curat,
1229 1894 1525 1979 corumqus'posteris,
1541 1911 1586 1981 qui
1611 1913 1638 1968 in
1656 1912 1753 1970 virtute
1768 1928 1926 1989 progressos

1127 1989 1221 2050 lecturi
1235 2008 1307 2063 sunt,
1323 1998 1482 2056 beneficium
1495 2012 1625 2058 reserant.
1639 2002 1673 2059 Et
1697 2014 1725 2060 ut
1753 2004 1848 2061 iterum
1868 2020 1927 2062 scr-

1117 2076 1235 2141 'monem
1249 2096 1379 2160 repetam,
1395 2091 1465 2147 bens
1479 2092 1669 2165 longanimiter
1683 2096 1755 2167 agit,
1766 2106 1794 2153 ut
1813 2108 1840 2155 et
1860 2109 1925 2170 pec·
2009 2161 2013 2169 ,

1128 2189 1204 2234 cator
1216 2180 1367 2251 resipiscat,
1384 2191 1410 2240 et
1425 2191 1453 2239 ut
1469 2188 1582 2255 posteris
1607 2187 1662 2245 suis
1678 2190 1770 2247 salutis
1782 2192 1852 2247 viam
1872 2207 1928 2251 non

1129 2268 1246 2325 claudat.
1260 2270 1420 2330 Licetcnim
1432 2284 1557 2346 peccatur
1572 2278 1598 2334 in
1620 2278 1738 2351 lapsibus
1751 2290 1927 2353 perseueret,

1128 2360 1215 2431 parcit
1231 2376 1302 2433 saepe
1313 2364 1407 2433 radici,
1416 2376 1445 2422 ut
1455 2366 1556 2425 lructus
1570 2370 1703 2427 custodiat
1715 2389 1723 2440 ;
1741 2388 1928 2445 sepenumero

1130 2454 1211 2509 ctiam
1227 2450 1441 2526 ipsam'radicem
1453 2460 1585 2530 immutat,
1605 2472 1635 2518 ut
1648 2472 1710 2521 ante
1732 2462 1797 2521 dixi.
1818 2465 1871 2523 Sed
1884 2466 1929 2525 ubi

1119 2543 1176 2599 'illa
1195 2546 1222 2601 in
1234 2546 1415 2605 omnimodam
1429 2552 1576 2623 nequitiam
1591 2552 1699 2625 delapsa
1713 2566 1772 2623 est,
1788 2555 1858 2613 licus
1870 2556 1926 2613 uti·

1121 2634 1195 2691 liter
1217 2635 1307 2694 dillert
1319 2638 1493 2711 supplicium,
1509 2642 1696 2713 poeuitentium
1710 2646 1823 2704 salutem
1835 2662 1932 2721 exspe-

1119 2720 1209 2784 ‘etans
1225 2746 1233 2784 ι
1249 2732 1385 2802 quomodo
1398 2740 1508 2803 autem,
1525 2734 1596 2792 audi.
1611 2732 1712 2793 'ibarrr
1726 2748 1802 2811 pater
1815 2730 1932 2799 Abrabae

1122 2820 1265 2880 'idolorum
1279 2824 1366 2882 cultor
1385 2835 1460 2895 erat;
1482 2827 1531 2885 sed
1545 2843 1600 2885 nou
1624 2828 1669 2887 bic
1688 2830 1762 2901 dedit
1785 2818 1932 2906 im'pielatis

1122 2922 1238 2989 'poenas,
1252 2927 1280 2974 et
1294 2918 1401 2991 quidem
1412 2918 1483 2991 jure.
1498 2920 1565 2977 Nam
1581 2923 1686 2980 silicus
1701 2924 1819 2983 radicem
1832 2916 1933 2999 praeci-

1123 3006 1229 3077 disset,
1244 3008 1376 3066 undenam
1389 3020 1479 3070 tantus
1489 3014 1664 3073 bdeiiructus
1679 3016 1848 3089 pullulassell
1859 3019 1935 3089 Quid

1130 3086 1205 3157 Εειῐι
1221 3102 1432 3173 nequiuslvidc
1445 3105 1509 3162 mibi
1521 3114 1548 3164 et
1567 3108 1638 3165 aliud
1658 3109 1830 3182 benignitatis
1851 3128 1936 3185 argu·

1131 3199 1263 3248 meutum.
1277 3192 1346 3263 Quid
1359 3195 1403 3252 ilia
1416 3196 1517 3253 malitia
1531 3200 1733 3272 impudentius?
1744 3218 1833 3261 nonne
1846 3204 1934 3261 iorni-

1133 3291 1210 3339 cator
1223 3292 1251 3339 et
1271 3284 1399 3357 profanus
1419 3286 1498 3359 (liei.
1516 3289 1560 3345 td.
1579 3290 1613 3347 td
1626 3290 1657 3365 ),
1673 3302 1702 3349 ut
1720 3296 1757 3350 ait
1774 3277 1935 3367 apostolus!

1124 3366 1225 3450 Jnnnnc
1248 3376 1379 3446 parricida
1392 3386 1419 3433 et
1438 3380 1595 3437 matricida?
1609 3399 1697 3443 nonne
1709 3386 1832 3445 latricida
1845 3404 1933 3461 quau-

1133 3473 1191 3521 tum
1204 3466 1237 3523 ad
1250 3470 1440 3540 proposituml
1455 3486 1544 3532 nonne
1563 3476 1619 3533 ileo
1632 3492 1758 3549 perosus,
1769 3489 1799 3537 ut
1811 3482 1937 3541 testifica·

1124 3550 1179 3612 'tur
1199 3556 1335 3629 Scriptura
1350 3561 1453 3631 dicens,
1482 3564 1563 3623 incoli
1578 3567 1655 3624 dilexi
1669 3612 1677 3637 ,
1690 3570 1762 3628 Erasi
1776 3560 1860 3629 oulen
1873 3574 1938 3632 odio

1137 3647 1315 3724 debullilom.
1336 3653 1363 3711 9.
1379 3655 1457 3725 iiiii
1483 3656 1511 3715 Si
1536 3674 1600 3731 ergo
1616 3660 1780 3733 lornieator,
1801 3664 1937 3738 latricida,

1139 3745 1270 3815 prolauus
1284 3758 1312 3805 et
1323 3742 1387 3806 odio
1402 3750 1529 3821 babitus,
1544 3770 1593 3811 cur
1605 3771 1657 3812 non
1673 3758 1790 3815 emedio
1807 3760 1908 3819 lollitur
1923 3762 1938 3820 l

1126 3851 1190 3923 ¹eur
1204 3854 1258 3895 non
1268 3842 1497 3903 exscinditurlcur
1510 3862 1562 3903 non
1576 3848 1664 3906 statim
1677 3852 1823 3923 promerito
1833 3855 1940 3927 suppli·

1124 3929 1183 3985 'cio
1192 3930 1325 3989 allicitur?
1338 3933 1447 4003 Quare?
1460 3936 1601 4008 pulchrum
1618 3954 1685 3999 sane
1696 3950 1737 4001 est
1752 3958 1859 4001 causam
1872 3960 1940 4018 pro·

1134 4024 1221 4081 ferre.
1242 4024 1270 4083 Sl
1294 4029 1400 4086 excisus
1416 4031 1524 4099 luisset,
1540 4048 1666 4106 inagnum
1688 4038 1804 4095 mundus
1817 4026 1940 4111 'iustitia

1135 4114 1251 4175 iruetum
1265 4120 1419 4191 amisisset;
1438 4132 1465 4181 et
1479 4126 1584 4198 qualem
1600 4128 1673 4187 audi.
1688 4126 1758 4185 Eroti
1771 4134 1859 4205 gennit
1878 4130 1939 4187 iln-
2046 4180 2047 4187 ,

1136 4211 1257 4280 qnelem,
1278 4212 1378 4287 ilaqnei
1401 4214 1511 4285 annnt,
1526 4216 1596 4273 Zara
1609 4206 1759 4293 roaldem
1771 4222 1827 4296 56).
1845 4222 1941 4280 Vidcn'

1136 4310 1253 4372 quantus
1271 4304 1406 4375 patientiae
1428 4305 1480 4365 llos
1497 4308 1602 4368 deictus
1626 4320 1716 4383 esset,
1731 4312 1754 4370 si
1769 4314 1940 4388 preveniens
1975 4311 1981 4317 ’

1134 4390 1211 4452 lleus
1221 4408 1315 4468 peenas
1325 4412 1340 4455 a
1351 4398 1441 4457 radice
1454 4401 1609 4489 exegisset?

1133 4504 1138 4543 t
1171 4490 1201 4545 2.
1219 4490 1349 4551 Ontnibus
1364 4494 1444 4567 igitur
1461 4496 1489 4552 in
1508 4498 1589 4555 rebus
1606 4496 1676 4555 banc
1692 4496 1939 4564 considerationem

1134 4580 1260 4641 admitte.
1275 4584 1339 4642 ideo
1350 4585 1539 4659 longanimiter
1552 4588 1606 4663 agit
1618 4605 1680 4647 cum
1694 4588 1831 4665 AEgppnis
1840 4592 1940 4651 intole-

1135 4673 1236 4733 rabiles
1258 4676 1439 4753 blasphemias
1454 4680 1667 4753 proterentibus,
1679 4682 1850 4741 obceclesias
1860 4700 1940 4741 nem·

1128 4752 1184 4839 pe,
1198 4782 1258 4849 que
1272 4784 1344 4827 nuuc
1359 4769 1458 4829 florent
1470 4772 1497 4829 in
1508 4772 1635 4845 AEgypto,
1652 4775 1687 4831 ob
1718 4776 1880 4832 monasteria
1909 4786 1940 4833 et

1136 4861 1244 4933 eosqui
1265 4862 1426 4935 angelicam¹
1446 4864 1526 4921 titum
1544 4874 1606 4921 sunt
1619 4867 1743 4939 amplexi.
1768 4866 1893 4937 Etenim,
1909 4877 1940 4924 ut

1128 4945 1215 5009 'aiunt
1232 4952 1301 5026 juris
1315 4957 1414 5028 publici
1428 4958 1526 5030 periti,
1542 4970 1568 5017 et
1580 4967 1613 5041 ut
1634 4959 1791 5032 praecipiunt
1806 4960 1938 5039 Romanae

1127 5034 1222 5117 leges,
1237 5062 1379 5120 pregnans
1393 5052 1416 5106 si
1435 5052 1462 5106 in
1478 5051 1578 5109 crimen
1594 5052 1693 5109 incidat
1707 5062 1794 5111 morte
1807 5053 1937 5135 dignum,

1136 5152 1192 5195 mon
1199 5140 1277 5213 prius
1290 5141 1404 5199 interitci
1409 5144 1615 5218 jubetur,quam
1630 5140 1866 5219 peperernrldque
1877 5147 1940 5217 iurc

1127 5222 1237 5290 'metito
1252 5251 1260 5290 ι
1276 5249 1329 5291 ιιοιι
1345 5236 1417 5293 euim
1429 5237 1531 5310 justum
1547 5249 1711 5297 censuerunt
1723 5240 1937 5319 legum'latorcs,

1128 5314 1279 5383 'innoxium
1298 5342 1359 5385 cum
1375 5330 1454 5387 nuria
1472 5328 1506 5387 de
1528 5332 1616 5388 medio
1630 5330 1697 5387 tolli.
1708 5330 1787 5401 Quod
1802 5332 1824 5387 si
1838 5330 1937 5387 buma-

1136 5428 1182 5475 ιιι)
1192 5416 1268 5491 leges
1282 5419 1349 5477 nibil
1359 5420 1531 5492 peccantibus
1544 5430 1665 5493 parcunt,
1676 5436 1766 5501 annon
1781 5419 1867 5479 multo
1877 5436 1938 5478 rna·

1129 5497 1180 5581 'gis
1191 5510 1265 5568 licus
1277 5510 1394 5569 radicem
1414 5512 1558 5582 custodiet,
1569 5511 1702 5571 leuctibus
1713 5514 1878 5587 poeniteittine
1892 5514 1939 5571 bc-

1113 5668 1314 5793 ,peccautibus
1334 5696 1500 5769 penitentiae
1520 5697 1682 5757 beneficium
1694 5716 1702 5757 ι
1715 5683 1818 5757 ιιιιιιίι
1829 5696 1857 5757 in
1872 5702 1938 5778 ipris

1103 5830 1138 5901 a*
1172 5828 1181 5864 ¹
1199 5809 1343 5899 Uflttt'detl
1358 5828 1534 5898 monn
