4142 6342
208 315 261 384 saa
806 309 811 316 ’
880 323 892 352 -·
932 311 1096 372 ιιιιιιιηιιιι.
1173 375 1180 398 f
1273 295 1288 308 ’“
1484 291 1489 300 ’
1799 303 1855 366 sat

209 425 647 506 uupammqaauham
659 428 853 501 lampasaapra
865 429 1004 485 Ιηιοηιίοο
1059 427 1166 494 ιοηίιι,
1182 435 1211 482 ut
1223 426 1360 499 proposita
1381 424 1452 481 dona
1474 423 1627 495 contingat,
1649 434 1746 495 aragus
1759 423 1855 496 quies,

209 507 300 588 hmea
313 519 415 590 hahet,
425 519 468 576 sle
478 527 510 576 st
519 533 587 576 arua
601 517 697 576 hahuit
706 533 789 589 supra
802 520 830 574 ia
842 517 1004 576 ιοιιιοοθο
1059 531 1183 590 mamam
1208 517 1344 576 silentium
1357 537 1364 574 a
1378 515 1484 589 quaudo
1507 514 1624 589 Spiritus
1645 514 1758 588 padam
1778 525 1857 577 suta

209 615 261 685 leur
271 613 385 685 lotide
396 611 580 685 moun.
596 610 673 668 liure
689 625 753 668 eom
771 609 875 668 uuest
888 609 1004 668 arandus
1060 613 1168 681 tribuit,
1192 612 1299 685 maudo
1320 611 1476 679 descendit,
1501 609 1608 684 qnando
1628 608 1763 683 proposita
1785 607 1858 667 dona

209 706 426 773 chrisaidanar,
445 703 594 771 cohornit,
613 712 686 760 mota
705 715 748 761 eat
766 713 857 771 wara,
878 702 1006 775 dimuptaa
1059 703 1329 778 contingit,qaando
1342 719 1420 762 orem
1441 713 1585 761 mactatam
1602 710 1631 761 et
1643 697 1858 760 consummatam

211 807 304 872 petra.
315 797 372 854 Sed
385 796 588 868 lieetdisrapte
599 797 654 854 siat
668 808 771 868 petam
790 797 903 854 dudtica
916 807 1006 855 umen
1060 802 1159 868 cernis,
1174 811 1238 858 tunc
1250 801 1393 859 tumultum
1405 840 1414 872 ,
1428 809 1493 858 tunc
1511 799 1620 870 turbas,
1635 807 1699 856 tunc
1708 799 1859 857 mutantis-
1890 799 1901 818 “

210 891 362 948 ludaeorum
380 905 438 948 aaa
458 899 501 949 est
519 891 639 963 disrupta
655 891 765 948 :adam
785 891 878 963 terupii
892 891 1008 950 missam
1060 907 1123 950 nem
1135 892 1406 950 excitasetconricia
1418 888 1859 964 iacileuomodosaealdciohoe
1893 886 1903 930 ‘¹

212 994 263 1050 est,
277 992 307 1040 et
319 999 374 1040 noo
387 985 524 1042 sstsoissa
537 983 658 1056 improlis
668 983 775 1040 illoram
787 985 964 1056 compleatis.
1001 983 1005 1017 ²
1061 984 1162 1058 pertrui
1174 993 1261 1058 potes,
1275 999 1337 1042 eum
1350 993 1427 1041 tanto
1440 983 1555 1042 tumultu
1568 991 1596 1040 et
1607 983 1721 1057 strepltu
1735 981 1770 1040 ad
1783 995 1860 1042 meo·-
1893 1023 1903 1038 .-

235 1075 342 1132 -Veisas
352 1075 623 1148 supinam.
635 1075 773 1146 -Quare
781 1073 898 1134 ιοίηιιηιιι
906 1085 950 1133 est
963 1091 1009 1135 aa·
1062 1093 1119 1136 ιιιη
1133 1077 1344 1136 hancaccedasl
1355 1077 1413 1134 lion
1427 1077 1525 1135 snidcit
1540 1075 1618 1133 nohls
1636 1076 1753 1149 peccatis
1767 1084 1861 1133 οοηιιι

211 1167 287 1230 lanl
298 1166 368 1236 Quia
380 1169 509 1240 tmplom
524 1180 579 1225 sara
592 1169 679 1240 putruit
690 1167 783 1226 sidere
797 1167 942 1224 hominum
951 1183 1009 1226 cra·
1062 1172 1178 1228 minatus
1190 1172 1331 1240 accedere,
1346 1171 1394 1230 sed
1406 1171 1494 1242 ipsum
1507 1172 1588 1228 etiam
1600 1185 1725 1228 accessus
1737 1185 1859 1227 manaen·

210 1259 334 1326 aurun
347 1267 376 1316 st
389 1275 438 1331 pes
447 1275 492 1328 aa,
506 1277 566 1332 qun
577 1261 638 1317 salo
651 1275 702 1318 suo
714 1260 890 1326 ηοοίιιοιιιηι,
903 1269 1009 1318 tanturn
1062 1274 1120 1321 tum
1136 1279 1188 1321 non
1203 1263 1316 1321 sinimus
1329 1279 1344 1322 a
1355 1271 1467 1336 peccato
1479 1263 1593 1320 liberum
1613 1263 1759 1334 praeterire.
1772 1261 1862 1332 Quan-

210 1366 265 1411 ιιι
278 1351 475 1410 abactam
487 1353 570 1408 modo
581 1353 631 1409 ista
646 1351 767 1424 protulit.
779 1352 819 1408 lla
832 1361 933 1409 eeteao
943 1367 1010 1409 san·
1062 1356 1099 1413 do
1111 1355 1182 1414 enim
1192 1355 1341 1430 purgamur,
1355 1356 1463 1430 quando
1478 1355 1680 1422 tumultuamur,
1694 1355 1802 1432 quando
1812 1369 1862 1414 nos

210 1453 422 1503 mecastoriam
434 1445 591 1511 consulem,
610 1443 825 1516 quisquissolet.
845 1443 916 1514 Quid
936 1444 1009 1502 enisa
1042 1457 1158 1506 mutuo
1172 1449 1338 1519 mordemus,
1354 1448 1518 1522 quomodoa
1533 1449 1650 1524 peccatis
1662 1449 1795 1506 immunes
1809 1449 1862 1506 eri·
1921 1481 1924 1489 ι

211 1535 741 1606 biiamhhwaiaiittsriflciwm
750 1535 879 1594 ohlatoet
888 1535 1011 1607 homiui
1065 1543 1141 1600 musi
1155 1543 1203 1600 llic
1216 1543 1292 1611 mihi,
1305 1543 1369 1615 quid
1384 1543 1532 1616 properas!
1545 1543 1621 1614 cuius
1635 1543 1720 1615 qratia
1735 1541 1864 1616 iestinas,

211 1626 275 1698 qaid
287 1627 356 1682 mihi
369 1627 479 1698 prodest
492 1628 813 1686 testamentumllmtra
832 1637 861 1686 et
875 1630 1011 1688 incassum
1064 1649 1126 1692 anm
1148 1650 1226 1692 crena
1247 1635 1302 1707 jam
1324 1636 1441 1692 occisam
1455 1635 1571 1707 aspicis?
1583 1649 1645 1692 nam
1661 1635 1684 1692 sl
1702 1642 1760 1691 tota
1783 1641 1863 1691 tracte

212 1729 288 1778 uota
300 1731 424 1791 ιοιιιιιιιιο
437 1722 503 1778 istos
514 1721 606 1778 doctri.
615 1721 682 1792 Qasr
693 1737 728 1779 ex
738 1721 800 1793 legs
807 1721 843 1778 ad
854 1737 899 1779 ma
911 1723 1012 1780 utilitas
1065 1727 1224 1784 sacrihcium
1239 1726 1290 1784 hoe
1302 1727 1399 1784 intueri
1414 1725 1538 1791 deheres,
1552 1741 1587 1783 an
1601 1725 1784 1798 spectaculum
1798 1724 1862 1794 hoo,

211 1810 303 1868 aediti
315 1811 373 1868 iloe
388 1821 417 1868 οι
435 1812 564 1885 paphen
577 1813 710 1870 elamahat
727 1811 841 1870 ᾱιοοιιιε
856 1813 943 1882 (lam
956 1817 1010 1888 trs·
1065 1819 1153 1887 cedo,
1177 1822 1327 1876 satietatem
1346 1819 1476 1877 allerretl
1488 1819 1557 1876 'l'oto
1568 1819 1613 1876 dle
1625 1819 1863 1891 patienteaetspe·

211 1914 330 1959 mat
342 1914 435 1976 pentes,
449 1915 474 1960 et
487 1907 576 1978 popuii
587 1907 701 1963 nalo&
710 1908 870 1964 astatium
882 1905 970 1982 (Paci.
982 1909 1011 1967 ἲ.

213 1999 262 2069 lli
274 1996 426 2054 Audieram
439 2017 447 2054 t
461 1996 602 2071 Taaaqasaa
623 2001 677 2056 ocia
695 2001 731 2056 ad
751 2001 903 2056 occisionem
921 2003 1013 2058 dactus

213 2102 260 2158 eat,
270 2100 526 2166 numqaumapaas
536 2095 784 2150 concatenato
794 2095 920 2152 oimstait
933 2094 1013 2168 (isui.

214 2185 259 2242 55.
274 2185 306 2256 l)
320 2204 327 2240 :
342 2196 444 2242 etcum
457 2186 527 2244 hanc
541 2188 710 2260 prophetiam
721 2199 796 2247 ιιηιο
807 2199 932 2264 tempore
943 2207 1013 2250 con·

213 2277 389 2345 sideras'sent,
402 2288 534 2350 prasente
544 2280 599 2351 jam
609 2296 653 2348 eo,
663 2282 735 2353 quod
746 2282 1011 2356 pradictumiueaat,

214 2383 269 2425 ooo
282 2369 465 2426 erediderunt.
476 2369 582 2440 manis,
596 2371 732 2445 quomoda
745 2373 865 2430 meditati
877 2383 940 2432 suat
951 2375 1012 2433 haa-

214 2464 276 2518 nial
289 2462 435 2534 Propterea
453 2465 567 2521 scissum
580 2474 621 2523 eat
633 2464 779 2538 tempium,
799 2467 954 2540 sipuillcans
966 2483 1013 2526 so·

214 2553 355 2623 titudinem
376 2564 404 2611 et
425 2557 601 2614 vastationem
621 2555 733 2631 posthac
753 2558 780 2615 in
802 2568 961 2632 perpetuum
973 2559 1014 2618 iu·

1065 1913 1163 1982 ctasti,
1177 1914 1275 1972 honam
1290 1915 1376 1972 noctis
1391 1923 1493 1985 partem
1508 1913 1695 1982 transmisisti,
1707 1921 1865 1984 tantumque

1066 2004 1188 2062 laborum
1210 2006 1285 2062 haesi
1301 2007 1429 2076 temporis
1450 2016 1549 2077 planato
1563 2003 1681 2078 prodigis
1702 2012 1731 2060 et
1752 2001 1864 2076 perdisl

1066 2096 1169 2169 Goqita,
1185 2097 1313 2169 quidnam
1326 2097 1360 2153 sit
1371 2095 1435 2153 illud
1445 2095 1515 2168 quod
1527 2095 1691 2167 propositum
1702 2102 1754 2162 est,
1767 2103 1793 2151 ct
1804 2107 1864 2167 qaraa

1067 2189 1102 2244 slt
1114 2187 1172 2260 ejus
1186 2201 1267 2244 causa
1282 2205 1288 2241 :
1303 2185 1409 2244 occisus
1422 2195 1464 2244 cst
1478 2196 1587 2260 propter
1602 2197 1644 2253 te·
1664 2193 1692 2244 et
1715 2195 1743 2242 tu
1762 2186 1866 2245 deseris

1068 2279 1142 2336 illum
1155 2280 1241 2352 ipsum
1250 2275 1416 2336 immolatum
1426 2279 1568 2352 aspiciens.
1580 2277 1629 2334 liii
1640 2278 1757 2345 οιιιιιυοι,
1768 2279 1865 2350 inquit,

1067 2373 1102 2429 iii
1114 2383 1138 2428 et
1151 2373 1243 2444 oqoiloe
1253 2371 1359 2448 (lichia
1374 2372 1419 2431 it.
1433 2373 1492 2446 28).
1505 2373 1560 2430 lios
1579 2382 1668 2430 autem
1682 2387 1736 2430 non
1747 2381 1777 2428 ut
1790 2373 1867 2444 aqui·

1068 2466 1112 2534 lc,
1127 2466 1175 2521 sed
1191 2476 1219 2521 ut
1232 2481 1314 2523 canes
1326 2465 1479 2523 accedimus
1495 2483 1502 2521 a
1520 2474 1592 2522 ιιηιη
1606 2473 1697 2521 nostra
1716 2473 1759 2521 est
1778 2463 1865 2535 impu·

1068 2557 1171 2616 aientia.
1186 2559 1278 2632 Cogita
1290 2559 1354 2632 quid
1367 2558 1474 2616 uadem
1494 2557 1559 2615 illud
1580 2559 1631 2625 sit,
1656 2555 1729 2629 qaod
1750 2557 1867 2614 eilusum

214 2653 312 2703 lim·
1069 2663 1131 2712 est:
1145 2654 1253 2725 sanquis
1266 2662 1318 2721 est,
1333 2654 1441 2727 sanquis
1455 2651 1500 2727 qni
1514 2650 1722 2724 chirographum
1742 2659 1867 2722 peccato-

250 2741 279 2796 3.
296 2740 337 2794 Ad
348 2740 555 2797 comunionem
564 2759 615 2816 qao
627 2754 701 2816 pacto
711 2745 831 2800 οιιηιιιιηι.
842 2745 956 2804 -Cum
966 2746 1016 2820 iqi-
1070 2763 1128 2804 rum
1142 2745 1257 2804 delevit:
1275 2745 1400 2819 sanquis,
1414 2744 1460 2818 qui
1482 2743 1600 2800 animam
1620 2752 1693 2800 tuam
1716 2740 1867 2808 mundavit,

214 2841 361 2900 macuta,
383 2833 477 2904 quiin
500 2849 580 2892 cruce
600 2833 695 2892 allisus
709 2843 766 2904 est,
782 2852 832 2894 nos
852 2838 944 2895 itidem
964 2839 1016 2896 suh
1069 2841 1113 2914 qui
1139 2839 1269 2896 maculam
1293 2839 1376 2907 cluit,
1403 2839 1448 2912 qui
1476 2837 1641 2911 principatus
1666 2844 1694 2892 et
1719 2844 1866 2908 potestates

214 2939 358 2998 vesperam
373 2926 456 2982 visuri
478 2927 578 2994 simus,
600 2940 736 3001 tamquam
757 2945 855 3004 agnum
870 2941 1014 2990 mactatum
1070 2933 1252 3005 triumphavit.
1261 2929 1416 3002 despolians
1425 2928 1503 3000 οηίιιι,
1512 2931 1606 3005 inquit,
1619 2929 1775 3002 principatus
1784 2937 1807 2984 et
1819 2943 1868 3002 po·

214 3028 244 3075 et
256 3018 437 3088 immolatum,
451 3035 566 3090 moneo,
580 3032 680 3080 etcum
694 3032 824 3092 tremore,
842 3027 1015 3084 veneratione
1070 3037 1169 3085 testatas
1180 3027 1293 3084 traduacit
1302 3026 1458 3098 confidenter
1468 3021 1628 3096 triunphant
1639 3019 1868 3096 hawqcotou.

214 3121 244 3167 et
256 3111 409 3168 reuerentia
418 3113 502 3169 multa
513 3113 681 3172 accedamus.
693 3118 735 3173 An
748 3119 867 3188 nescitis,
880 3119 1016 3190 quomodo
1070 3119 1097 3174 Ξ.
1120 3117 1187 3194 15).
1207 3117 1288 3174 liuha
1311 3117 1429 3176 victorie
1451 3115 1573 3190 symbola
1597 3113 1690 3172 hahuit
1713 3123 1867 3186 tropeum:

215 3205 305 3276 aaqett
319 3205 471 3263 adstiterint
481 3208 606 3279 sepulcro
618 3223 716 3283 corpus
728 3225 783 3267 oon
797 3211 915 3282 habenti,
926 3214 1017 3286 sepul·
1071 3210 1156 3284 spolia
1179 3226 1294 3284 superne
1320 3209 1353 3266 dc
1377 3224 1457 3266 cruce
1485 3207 1611 3280 pendent.
1636 3205 1867 3276 Quemadmodum

217 3314 267 3354 cro
280 3300 389 3355 meno?
400 3309 517 3358 attamen
531 3317 591 3359 com
606 3303 689 3360 semel
704 3312 790 3360 totum
799 3319 898 3380 corpus
911 3306 1016 3366 llomini
1070 3305 1143 3362 enim
1157 3305 1342 3377 magnanimus
1356 3305 1452 3377 aliquis
1465 3319 1526 3371 rex,
1539 3301 1662 3360 coniecto
1673 3301 1787 3358 ielicitcr
1799 3300 1870 3358 diiii·

218 3394 377 3462 recepisset,
390 3391 503 3450 multum
519 3394 629 3452 honoris
643 3395 693 3466 ipsi
708 3397 790 3454 ctiam
802 3397 863 3453 loco
877 3397 1015 3456 exhibent.
1071 3397 1174 3454 cillimo
1189 3397 1268 3468 hello,
1284 3397 1420 3454 thoracem
1430 3405 1457 3454 et
1470 3395 1593 3472 clypeum
1606 3403 1634 3452 et
1643 3409 1718 3454 arma
1727 3391 1831 3466 tyranni
1841 3402 1871 3450 et

218 3487 314 3558 augeli
325 3529 335 3554 ,
348 3486 396 3558 qai
412 3495 534 3544 patrnam
553 3499 672 3546 nostram
686 3490 844 3548 excellentia
867 3507 916 3550 sua
938 3493 1018 3568 longe
1071 3489 1184 3546 militum
1195 3504 1263 3563 quos
1275 3489 1384 3557 devicit,
1398 3503 1480 3562 super
1489 3489 1624 3546 excelsum
1636 3496 1765 3558 tropaeum
1777 3486 1868 3556 ponit:

218 3588 361 3651 superam,
387 3587 459 3636 ιοηιη
482 3583 632 3639 reverentia
654 3591 682 3640 et
701 3581 873 3640 ohseruantia
892 3586 1018 3658 sepulcro
1071 3583 1111 3639 sic
1124 3592 1152 3639 ct
1164 3581 1297 3649 Christus,
1313 3581 1389 3638 linito
1404 3581 1484 3648 hello,
1497 3581 1569 3654 quod
1583 3594 1645 3636 οιιιη
1658 3577 1765 3635 diaholo
1775 3592 1869 3650 pesse·

219 3673 351 3728 assistant
366 3689 373 3726 :
388 3687 437 3730 uos
447 3688 501 3730 non
513 3673 547 3731 ad
559 3661 713 3746 sepulcrum
727 3675 873 3743 inane,sed
885 3678 920 3734 ad
931 3678 1018 3752 ipsam
1072 3684 1130 3742 rat,
1144 3690 1219 3731 arma
1238 3675 1297 3748 ejus
1312 3675 1456 3741 uniuersa,
1478 3682 1593 3728 ιιιοιιοηι
1608 3680 1636 3727 οι
1654 3667 1870 3726 maledictionem

220 3778 361 3833 mensam
377 3765 404 3822 la
418 3779 471 3836 qua
482 3767 572 3838 liquos
587 3768 690 3838 positus
701 3777 757 3839 est,
770 3769 885 3837 adituri,
898 3786 961 3828 eum
974 3781 1018 3828 tu·
1073 3767 1107 3824 ah
1121 3767 1227 3825 excelsa
1240 3781 1321 3824 cruce
1332 3766 1482 3838 suspendit,
1496 3775 1630 3837 tamqnam
1640 3762 1675 3819 dc
1688 3769 1791 3832 tropeo
1804 3773 1872 3832 qno·

221 3857 307 3914 multu
322 3867 351 3914 et
365 3858 518 3916 turhatione
529 3861 702 3919 accedimus?
713 3861 748 3919 lit
761 3879 821 3935 quae
832 3865 911 3922 sachis
925 3865 960 3923 de
973 3882 1017 3924 re·
1073 3859 1197 3918 damant
1211 3874 1307 3917 omues
1329 3868 1460 3930 tropaeum
1484 3856 1548 3913 illud
1572 3853 1801 3924 conspicarentur,
1823 3865 1871 3906 su·

222 3945 295 4024 liquo
314 3953 395 4008 reaia
416 3952 547 4024 speranda
561 3954 632 4010 eritl
645 3953 702 4011 lion
720 3955 780 4014 dico
794 3952 853 4015 haec
864 3959 1022 4031 simpliciter
1075 3967 1165 4026 ροιηιι
1179 3951 1313 4020 Virtutes,
1329 3967 1389 4024 quae
1404 3951 1430 4006 in
1445 3948 1535 4012 calis,
1551 3945 1692 4015 hoarsinss,
1708 3944 1753 4016 qui
1767 3942 1872 4000 iuleane

221 4055 250 4103 ct
262 4056 377 4114 temere,
389 4045 437 4104 sed
450 4061 513 4104 cum
522 4046 614 4104 videm
623 4048 723 4106 sulcam
736 4047 787 4106 hac
798 4065 910 4122 uespera
922 4051 1021 4112 mtdtos
1076 4057 1177 4104 terram
1191 4039 1328 4112 incolunt;
1342 4043 1446 4116 ipsique
1460 4041 1523 4100 mali
1539 4038 1696 4105 daemones,
1709 4039 1755 4110 qui
1773 4037 1873 4096 devicti

223 4140 428 4205 tumultuantes,
443 4137 600 4206 clamantes,
611 4134 671 4196 sese'
683 4149 777 4199 mutuo
786 4142 935 4212 tmdcnoes,
948 4143 1022 4200 exsi-
1077 4147 1149 4197 sunt.
1164 4139 1230 4197 Cum
1247 4137 1327 4210 iqitur
1342 4146 1417 4194 uoto
1431 4151 1543 4192 munnere
1557 4133 1645 4190 allecti
1662 4133 1763 4198 simus,
1776 4131 1873 4202 dignm

224 4230 342 4296 lientes,
357 4230 478 4288 convich
494 4231 639 4304 indentes,
656 4234 794 4308 magisque
816 4250 923 4306 poeuam
942 4251 1022 4310 quam
1077 4232 1257 4304 nosmetipsos
1270 4245 1321 4304 pro
1335 4229 1437 4288 uiribus
1451 4228 1624 4286 ostendamus
1637 4226 1714 4284 bortis
1729 4224 1798 4294 illis,
1812 4238 1874 4296 qua

139 4358 151 4376 .
225 4325 340 4382 ιοιιιιοιη
353 4324 405 4382 sihi
417 4335 621 4398 coarpamntes,
634 4341 667 4386 ea
677 4327 712 4386 de
725 4342 805 4386 causa
820 4327 890 4386 haam
901 4329 1024 4386 admoni-
1078 4327 1155 4384 nohis
1168 4335 1232 4384 sunt
1244 4340 1391 4392 concessa,
1406 4335 1435 4382 ut
1448 4333 1475 4381 et
1489 4322 1614 4396 caelorum
1628 4336 1738 4392 ιοςηιιιη
1750 4333 1873 4390 assequa·

226 4421 330 4476 tionem
342 4419 464 4477 instituo.
1078 4435 1149 4488 mur,
1163 4419 1248 4492 qratia
1259 4428 1288 4476 et
1300 4418 1465 4478 humanitate
1477 4415 1581 4472 homini
1594 4412 1678 4472 nostri
1690 4411 1753 4470 lesu
1763 4409 1874 4478 maran,

263 4513 398 4571 invocatio
423 4503 536 4587 Spiritus
552 4520 645 4574 ιαιιοιὶ.
659 4517 784 4587 -Quod
810 4519 876 4576 lacis
891 4558 899 4588 ,
924 4516 1024 4576 homol
1080 4531 1128 4587 per
1142 4530 1220 4588 quem
1235 4523 1263 4572 et
1275 4529 1336 4570 cum
1355 4527 1410 4586 quo
1422 4513 1494 4568 Patri
1510 4511 1588 4568 simul
1603 4518 1630 4566 ot
1642 4507 1754 4579 Spiritui
1765 4513 1873 4570 macto,

228 4606 339 4678 quando
353 4606 481 4663 sacerdos
494 4617 548 4666 stat
558 4618 622 4666 ante
634 4624 737 4668 sacratu
751 4625 890 4680 mensam,
903 4610 1025 4668 manibus
1079 4611 1183 4683 pluria,
1210 4609 1317 4676 laonon,
1353 4599 1490 4680 potentia,
1518 4606 1544 4660 in
1574 4602 1670 4662 sucula
1703 4597 1876 4656 seculonun.

228 4703 256 4759 in
269 4701 366 4760 oeton
376 4701 505 4768 extensis,
519 4702 646 4761 invocans
654 4701 783 4776 Spiritum
794 4712 925 4774 mucium,
938 4713 969 4761 ut
979 4703 1028 4762 ad·
1081 4707 1177 4763 hmen.

735 4885 1284 5116 muana
1408 4885 1431 4894 ”

478 5198 519 5261 lli
539 5196 645 5262 DUAS
669 5195 901 5272 smuuhusss
920 5194 976 5257 ott
998 5193 1128 5258 cuncta
1149 5189 1413 5254 plantatoris
1438 5186 1668 5253 homulus*

274 5345 352 5417 Qrsod
375 5346 402 5400 in
425 5342 535 5400 homilia
554 5339 679 5399 deludas
695 5339 848 5412 proditione
865 5335 1034 5395 animaduer-
1090 5339 1181 5394 tiasse.
1199 5333 1258 5390 lion
1270 5333 1354 5392 series
1367 5332 1448 5391 modo
1467 5329 1562 5388 eadem
1576 5337 1633 5394 est,
1647 5323 1787 5386 sedetiam
1803 5328 1885 5384 uerha

237 5443 337 5508 tianius,
362 5439 480 5511 idipsum
511 5433 737 5508 deprehendimus
764 5435 791 5490 ia
818 5431 942 5505 praesenti
967 5444 1033 5488 con·
1091 5429 1246 5501 plerumque
1261 5444 1267 5481 :
1282 5435 1361 5496 atque
1371 5423 1516 5494 Scripturas
1528 5421 1587 5477 loca
1597 5417 1691 5476 codem
1701 5419 1760 5492 ipso
1775 5420 1801 5478 in
1813 5429 1886 5476 utra·

237 5537 336 5603 cioue;
362 5546 460 5604 omps
482 5527 722 5604 (Σηιῃοιωηιιιιη,
745 5541 827 5600 quam
852 5524 953 5597 aliquot
972 5530 1035 5579 ante
1092 5537 1144 5592 que
1158 5519 1396 5578 ordinelocantur.
1412 5513 1577 5587 Quaeprior,
1593 5527 1653 5588 quae
1666 5511 1800 5586 posterior
1814 5513 1902 5569 dicta'·

237 5627 320 5686 anais
331 5624 474 5692 hahuerat,
488 5622 611 5681 mandem
624 5620 750 5680 aeooodis
766 5618 838 5675 curis
852 5616 1035 5688 recognitam,
1092 5613 1189 5681 luerit,
1204 5610 1277 5669 nulla
1289 5623 1431 5682 possumm
1449 5607 1603 5678 conjectura
1617 5605 1733 5679 assequi.
1751 5605 1789 5662 En
1804 5621 1884 5668 aero.

229 5696 482 5794 etquihosdauain
495 5718 572 5785 locis,
586 5714 755 5792 inpripsipio
768 5711 896 5778 maxime,
909 5718 1040 5768 matrum
1076 5713 1173 5779 'quarn
1197 5713 1260 5776 post
1282 5698 1426 5758 llearlcum
1446 5695 1574 5757 Saailium
1602 5698 1717 5771 priorem
1741 5693 1887 5768 psalmata.
1936 5777 1940 5782 Ι

242 5812 340 5872 mem
363 5819 519 5871 reemrente
544 5809 587 5867 die
608 5809 770 5865 Parasceres
797 5807 893 5861 iterum
922 5818 1039 5875 pronun-
1095 5796 1175 5867 lonqs
1188 5793 1296 5850 brevior
1308 5799 1351 5850 est
1364 5789 1448 5848 altera
1467 5810 1473 5849 :
1490 5790 1636 5849 decaetero
1653 5798 1741 5846 autem
1754 5785 1843 5842 catania
1858 5785 1888 5840 is
