4142 6342
228 456 231 461 ·
255 434 310 496 189
620 438 648 497 11.
668 437 807 501 tonitrus
825 440 1065 510 sttutsosttlltt
1082 442 1243 517 tudites.
1263 438 1532 503 constantinop.
1848 439 1901 509 810

259 538 321 609 lion
332 554 440 626 ιιιιριιι
449 568 552 608 osorem
562 554 616 623 filio
627 571 681 622 meo
692 572 723 611 ιι
732 556 1055 630 liliolusGlrununeornm,
1109 560 1191 618 bores
1215 559 1287 617 enim
1301 568 1328 616 et
1342 575 1445 633 opera,
1466 560 1564 633 quibus
1581 558 1794 625 exercebantur,
1809 555 1901 627 rana,

257 642 303 701 seli
314 644 350 703 tsi
360 644 462 703 dostram
475 646 554 717 putris
567 648 614 701 terei
630 649 817 720 proficisceris,
834 654 902 709 etde
918 656 985 713 tribu
1000 674 1056 715 men
1107 654 1264 723 languorem
1278 669 1385 709 orrrnem
1399 643 1545 723 pellebant,
1561 652 1643 712 robur
1655 659 1745 711 autem
1757 660 1783 706 et
1799 648 1901 720 sanita·

254 736 364 807 reciptes
376 750 482 793 aeman
496 736 618 809 tilloneo
633 738 707 813 (Gen.
717 742 763 801 il.
772 744 819 801 et.
835 743 891 818 58).
903 746 955 804 Sed
965 764 998 803 ne
1012 756 1054 804 to·
1108 755 1163 804 tem
1177 748 1308 802 tutameis
1320 746 1509 814 eoncssiabam,
1521 745 1723 823 reddebantque
1733 743 1899 815 tantomsqis

257 832 313 883 tam
331 825 472 884 historiam
493 828 520 885 in
543 830 670 899 medium'
678 832 821 893 alienantes
840 838 946 897 molesti
960 838 1054 897 uidea-
1107 839 1310 916 maritisqratas
1324 848 1352 896 et
1364 840 1514 898 amabiles:
1531 840 1570 895 sie
1582 839 1655 900 euim
1674 853 1727 894 non
1739 835 1831 915 'solum
1842 850 1903 891 eor·

253 930 324 984 mur,
339 912 373 975 a‘d
384 918 464 975 linem
480 926 659 981 transeamus.
670 922 738 983 ilum
748 927 820 983 enim
833 928 977 998 retulisset,
989 947 1056 1002 quo·
1107 948 1185 1014 pora,
1213 932 1306 989 sedet
1329 930 1412 988 animi
1439 932 1466 987 in
1491 930 1587 987 meiius
1609 928 1794 1006 proficiebant.
1820 922 1904 983 Vecta

253 1010 335 1069 modo
356 1014 389 1071 ad
409 1014 509 1073 iontem
529 1018 681 1087 adstiterit,
703 1016 796 1091 quida
816 1022 901 1097 puelia
921 1024 1052 1097 petierit,
1107 1026 1187 1099 initur
1210 1024 1314 1080 camelo
1335 1031 1478 1098 postquam
1515 1021 1547 1077 ad
1579 1016 1739 1077 des'tinamm
1766 1018 1905 1093 regionem

252 1104 387 1175 quomodo
406 1106 453 1165 iila
473 1107 534 1181 pius
554 1108 633 1183 quam
648 1112 761 1183 petitum
773 1122 845 1175 essct
858 1114 972 1184 dederit,
985 1118 1054 1187 qud·
1109 1116 1241 1188 pervenit,
1251 1115 1363 1173 sublatis
1374 1115 1466 1187 procul
1480 1114 1779 1181 oculisuiditisaacum,
1789 1127 1907 1183 moxque

253 1198 335 1255 modo
348 1196 419 1257 [leus
434 1200 567 1259 mediator
580 1193 669 1274 luerit,
682 1218 797 1277 cumque
809 1205 899 1263 omnia
912 1206 1056 1283 diiigenter
1106 1224 1121 1265 a
1136 1210 1239 1267 murelo
1255 1210 1365 1273 desiliit.
1383 1208 1467 1267 vides
1479 1208 1560 1265 robur
1572 1207 1584 1262 l
1598 1207 1672 1263 rides
1685 1208 1783 1262 borram
1798 1204 1906 1259 babitu·

254 1290 414 1372 nuntiasset,
431 1294 565 1350 sermonis
579 1294 659 1353 linem
674 1296 746 1358 lecit.
760 1294 807 1355 iiis
820 1298 944 1358 omnibus
956 1298 1054 1359 auditis
1107 1302 1198 1360 dinem
1209 1306 1222 1359 i
1235 1301 1377 1359 loannem
1400 1301 1509 1359 desiliit.
1529 1300 1644 1357 Tantum
1667 1292 1704 1355 iiii
1727 1298 1825 1353 uirium
1853 1311 1905 1351 una

252 1380 292 1439 dli
313 1398 369 1441 nou
391 1386 507 1461 amplius
530 1387 743 1459 dubitauerunt,
768 1405 855 1468 neque
878 1392 1055 1467 neglexerunt
1106 1409 1168 1451 cum
1184 1394 1314 1453 modestia
1329 1403 1479 1470 supererat.
1493 1392 1527 1448 Et
1541 1392 1578 1447 ait
1591 1391 1625 1446 ad
1640 1406 1746 1453 seruum
1763 1386 1848 1455 :Quis
1868 1396 1905 1441 est

252 1488 322 1544 tem,
338 1476 384 1534 sed
404 1480 480 1551 quasi
494 1480 623 1539 divinitus
637 1482 772 1551 instincti,
788 1482 847 1543 sine
861 1498 934 1539 mura
949 1482 974 1541 el
989 1499 1053 1555 pro·
1105 1484 1150 1543 itte
1173 1486 1249 1544 lonso
1270 1486 1313 1559 qui
1333 1502 1482 1561 propressus
1500 1495 1537 1543 est
1560 1484 1588 1539 in
1604 1482 1747 1554 cnrrrpuurl
1763 1478 1904 1551 Respondit

254 1568 388 1627 miseram
404 1572 497 1629 liliam.
518 1572 777 1649 despondentesque
790 1574 881 1633 laban
897 1586 922 1633 et
941 1572 1055 1635 Bathuei
1105 1577 1289 1649 sersusalpse
1304 1586 1341 1635 est
1362 1578 1479 1633 dominus
1494 1593 1573 1631 meus.
1602 1573 1667 1628 ten
1681 1572 1726 1627 iliu
1740 1572 1828 1631 estivo
1840 1568 1901 1643 pal·

253 1654 401 1719 dixerunt:
419 1662 572 1720 llnadotum
591 1666 639 1721 loc
658 1683 785 1739 opressum
805 1678 841 1723 eat
862 1685 878 1723 u
896 1666 952 1723 Deo
967 1685 976 1725 .·
990 1667 1055 1728 ldeo
1108 1670 1171 1727 iiolo
1184 1675 1286 1741 sumpto
1299 1686 1326 1725 se
1343 1662 1544 1742 oinnpsitlllen.
1558 1664 1603 1723 et.
1616 1650 1673 1737 od).
1686 1662 1804 1721 observa
1816 1661 1905 1716 onrrria
2020 1679 2021 1704 l

253 1766 304 1807 nou
321 1770 455 1825 possuntne
477 1766 527 1812 tute
548 1758 713 1830 postulationi
735 1760 915 1816 contradicere.
938 1758 980 1815 ua
1000 1759 1053 1817 lie-
1106 1762 1198 1819 testari
1221 1761 1280 1833 ejus
1299 1760 1480 1829 modestiam,
1493 1775 1573 1832 quam
1591 1757 1694 1830 pudens
1708 1764 1766 1812 erat
1780 1771 1811 1811 ae
1826 1770 1905 1811 rere-

253 1840 344 1913 iceru,
358 1844 419 1901 teile
429 1852 485 1903 eam
497 1858 521 1904 et
535 1866 655 1921 propera,
670 1860 695 1907 ιι
708 1852 741 1921 sit
755 1868 822 1909 ustor
833 1850 930 1913 domini
943 1852 990 1922 tui,
1006 1854 1055 1908 sic·
1105 1854 1203 1912 cunda.
1227 1853 1261 1911 tis
1281 1847 1385 1929 'accepit
1408 1871 1464 1908 eum
1484 1865 1589 1909 uxorem
1617 1850 1703 1921 isone,
1726 1850 1862 1921 dilexitque
1879 1850 1907 1904 is

252 1941 282 1988 et
298 1932 415 2007 1ιᾳιιιιιιιι
427 1947 463 1993 est
486 1938 610 1998 Dominus
626 1943 636 2017 (
645 1938 710 1998 Gen.
724 1944 769 2002 2l.
784 1944 829 2001 50.
843 1944 874 2001 51
886 1942 906 2017 i.
921 1942 986 2015 Quis
999 1961 1054 2002 nrm
1106 1956 1204 2003 tuntum
1230 1951 1259 2002 nl
1282 1946 1371 2003 tenire
1393 1944 1527 2010 dolorem,
1547 1946 1590 2017 qni
1614 1943 1654 1999 t'lls'
1673 1960 1705 1999 ea
1720 1954 1800 1998 morte
1817 1941 1907 1997 Sim

253 2026 474 2101 obstupesceret?
486 2034 546 2104 quis
558 2050 611 2093 non
620 2036 815 2106 admiraretur,
829 2046 928 2113 qtrarrta
941 2038 1055 2113 impelli·
1108 2039 1199 2095 neutri
1213 2038 1340 2094 ιιιίιιιιι
1358 2038 1368 2109 (
1383 2035 1449 2093 Gen.
1463 2036 1508 2093 tt.
1520 2029 1553 2092 61
1562 2019 1583 2109 ).’
1599 2034 1728 2094 11ιιιιιιιι
1749 2046 1851 2091 temere
1864 2034 1906 2089 di·
2019 2041 2020 2046 ’

238 2192 239 2196 ¹
255 2130 344 2177 menta
360 2120 435 2181 breti
449 2128 579 2203 temporis
591 2138 728 2187 rrtoruento
741 2132 845 2191 sublata
857 2130 933 2192 sinti
946 2132 1054 2193 Etenim
1106 2142 1213 2201 cuntur,
1227 2132 1296 2203 quod
1317 2130 1440 2188 dilexerit
1454 2146 1514 2187 eam
1530 2171 1538 2198 ,
1554 2126 1678 2201 qnodque
1700 2142 1751 2201 pro
1773 2126 1907 2187 solamine

253 2212 379 2288 rei'quod
390 2216 489 2291 bospes
500 2233 568 2289 erat,
581 2224 623 2277 vei
637 2222 707 2293 quod
722 2235 826 2293 sertus,
840 2223 882 2282 rei
895 2224 966 2297 quod
978 2225 1055 2300 iqno·
1107 2224 1197 2283 luctus
1210 2222 1344 2289 babuerit,
1359 2222 1407 2279 sed
1422 2230 1451 2279 ut
1461 2220 1561 2287 discas,
1574 2219 1672 2295 quibus
1686 2218 1767 2274 rebus
1783 2215 1829 2273 iiia
1844 2232 1904 2271 ma·

255 2311 318 2373 tus,
332 2307 375 2363 rei
390 2308 461 2379 quod
476 2312 585 2385 longum
599 2322 673 2371 esset
686 2314 790 2371 itineris
805 2314 994 2384 intervalium,
1011 2313 1054 2374 rel
1106 2317 1188 2372 ritrrm
1211 2316 1239 2371 in
1258 2330 1378 2370 amorem
1401 2312 1443 2369 sui
1465 2310 1623 2385 pdiexerit,
1638 2322 1705 2383 quas
1719 2306 1800 2364 domo
1813 2321 1907 2363 seeurn

253 2396 324 2468 quud
339 2414 389 2456 nee
403 2416 493 2470 socer,
509 2418 559 2459 nec
574 2418 709 2477 sponsus,
730 2422 817 2479 neque
831 2407 899 2465 alius
909 2424 944 2475 ex
959 2425 1053 2466 eurum
1108 2407 1245 2463 attuimat.
1262 2404 1329 2472 Quis
1338 2404 1409 2460 enirn
1425 2402 1506 2458 talem
1531 2416 1585 2457 non
1609 2400 1764 2467 adamaret,
1778 2406 1832 2453 tarn
1845 2412 1908 2453 mo·

253 2492 414 2549 necessariis
435 2506 513 2552 notus
534 2506 612 2567 erat,
627 2498 721 2554 borum
738 2500 950 2573 unumquodque
962 2518 1011 2575 per
1023 2518 1054 2561 se
1107 2496 1231 2565 destant,
1248 2507 1301 2553 tam
1315 2495 1467 2579 ltonestam,
1480 2504 1533 2548 tarn
1552 2491 1733 2571 hospitalem,
1748 2489 1906 2561 bunranaus,

252 2580 386 2641 satlserut
396 2585 591 2657 impedimenti,
603 2592 746 2663 quominus
757 2592 809 2648 boe
821 2592 982 2648 contrabium
993 2608 1054 2649 suc·
1100 2600 1136 2646 et
1150 2588 1305 2657 amabilem,
1320 2588 1415 2644 lortem
1426 2586 1517 2643 animo
1528 2594 1557 2641 et
1569 2583 1683 2639 ualidam
1692 2581 1826 2654 corporei
1839 2579 1906 2637 flac

254 2672 365 2730 eederet
382 2694 389 2731 a
405 2686 522 2735 atlantea
536 2678 731 2739 baee'universa
747 2681 835 2740 laciiia
849 2696 912 2741 sunt
926 2670 1051 2753 reddita,
1107 2682 1185 2749 dixi,
1200 2691 1230 2738 ut
1245 2697 1299 2738 non
1318 2681 1432 2737 audiatis
1447 2686 1568 2746 tantum,
1582 2685 1629 2732 aut
1645 2674 1744 2731 auditis
1758 2674 1908 2749 applauda-

252 2770 280 2818 ot
293 2762 364 2823 baud
378 2782 457 2827 secus
470 2780 550 2843 quam
565 2775 588 2829 si
605 2782 684 2831 notus
699 2786 781 2841 esset,
796 2776 982 2851 habitaretque
992 2794 1055 2851 pro·
1106 2776 1141 2832 tis
1157 2819 1165 2842 ,
1181 2776 1230 2832 sed
1247 2784 1275 2831 ut
1288 2775 1368 2830 etiam
1379 2770 1553 2828 aemulemini.
1568 2768 1604 2824 iit
1617 2778 1707 2841 patres
1720 2766 1828 2843 quidem
1838 2780 1906 2839 pro·

252 2866 305 2925 pe,
320 2866 348 2913 et
360 2867 449 2916 totam
459 2871 566 2921 atatem
582 2880 643 2922 eum
659 2868 699 2925 eis
713 2878 834 2927 versatus
848 2868 944 2927 inisset
955 2914 963 2941 ,
976 2886 1052 2927 eom-

252 2948 384 3007 miserrmt
396 2966 523 3025 sponsam
535 2957 594 3027 ejus
608 2958 687 3025 lidei,
700 2960 751 3015 bac
765 2958 800 3016 de
814 2976 905 3030 eausa,
920 2963 991 3034 quod
1005 2979 1051 3023 ou·

254 3040 329 3112 spice
344 3028 400 3100 lieo
415 3060 459 3102 rcs
474 3048 611 3119 agebatur.
624 3050 698 3107 Sicut
711 3054 781 3108 enim
797 3056 819 3109 si
834 3054 897 3124 quid
911 3071 944 3111 eo
957 3071 1053 3129 parum

252 3132 362 3192 laurente
375 3138 572 3210 aggrediamur,
584 3144 687 3199 etiarnsi
696 3146 785 3201 orunia
796 3150 849 3203 sint
861 3148 938 3217 plana
951 3156 979 3204 et
990 3146 1055 3205 laci·

255 3216 289 3283 ila
302 3270 309 3295 ,
326 3233 467 3302 voragines
481 3242 508 3289 et
520 3234 643 3293 salebras
655 3245 683 3295 et
696 3238 850 3297 innumeras
864 3240 1052 3298 frustrationes

252 3310 513 3379 obiterollendimus
530 3340 537 3379 z
552 3324 591 3380 aio
604 3324 699 3383 eodem
712 3341 844 3398 prasente
856 3338 883 3386 et
898 3328 1052 3403 adjurante,

251 3406 314 3465 licet
326 3411 415 3467 ornrria
429 3428 489 3485 quae
503 3413 633 3473 babemus
645 3431 701 3488 prm
715 3420 855 3489 manibus,
870 3420 923 3477 sint
937 3420 1052 3495 impedi·

252 3497 371 3568 lissima,
388 3502 466 3573 plana
480 3504 548 3563 liunt
560 3518 588 3563 et
606 3507 706 3565 incilia.
724 3510 795 3567 liibil
816 3513 895 3585 igitur
909 3515 951 3572 rei
966 3514 1052 3573 iacia-

253 3606 324 3657 mus,
338 3594 380 3649 rel
394 3595 531 3666 dieamus,
546 3600 596 3655 nisi
611 3601 734 3659 inuocato
746 3603 871 3675 Numine,
885 3617 972 3665 utres
984 3625 1052 3683 quas

254 3690 399 3742 tractamus
413 3688 526 3761 dirigat,
542 3703 569 3747 ut
582 3692 628 3750 lile
640 3692 713 3753 iecit.
1022 3695 1026 3701 “

286 3774 315 3833 9.
334 3776 413 3837 Nunc
443 3782 591 3850 rideamus,
617 3796 758 3860 postquam
780 3805 840 3847 earn
861 3792 975 3865 aceepit,
997 3808 1052 3865 quo

250 3866 330 3941 paeto
347 3870 460 3930 adornet
476 3876 591 3946 nuptias.
613 3878 681 3936 lium
699 3882 829 3953 cymbula,
851 3882 965 3953 ssstuias,
986 3885 1052 3943 ebo-

251 3976 322 4031 reas,
337 3971 476 4039 tympana,
490 3966 569 4023 tibias
591 3986 682 4029 secum
701 3974 791 4039 traxit,
813 3975 982 4049 reliquasque
1003 3992 1053 4047 ap-

251 4064 361 4127 paratus
373 4058 499 4129 speeies?
509 4058 581 4118 Nibil
595 4061 702 4132 bortum,
721 4064 826 4125 sedilia
841 4066 897 4123 sola
912 4076 1051 4139 assumpta

251 4144 325 4215 abiit,
342 4146 493 4208 deducente
511 4162 538 4208 et
557 4156 701 4211 eomitante
725 4156 831 4231 angeio,
854 4176 934 4231 quern
956 4160 1050 4229 iterus,

250 4233 319 4315 dum
339 4238 470 4297 lamuium
490 4243 602 4301 edomo
619 4246 775 4316 uintitteret,
798 4264 850 4305 rutra
873 4250 941 4308 mitti
965 4252 1051 4308 abeo

251 4333 363 4407 supplex
389 4334 587 4409 impetrauerat.
611 4340 698 4412 itque
717 4341 753 4398 ita
776 4341 923 4400 ducebatur
949 4357 1050 4415 sponsa

136 4463 139 4471 .
252 4424 333 4481 nullis
348 4424 418 4482 tibiis
432 4436 459 4484 et
470 4428 578 4485 citharis
590 4430 785 4499 occinentibus,
809 4434 857 4491 sed
871 4428 1019 4493 innumeris
1033 4452 1050 4498 t

251 4514 309 4573 beo
321 4526 503 4589 esputornata
518 4520 760 4592 benedictionibus,
782 4528 840 4582 rice
860 4540 968 4583 coronae
987 4542 1050 4600 pre·

146 4633 148 4644 =
248 4607 369 4665 ‘tiusimis
384 4610 477 4680 queris
491 4610 652 4669 diademate.
669 4614 821 4671 Ducebatur
831 4625 921 4674 auteur
935 4632 989 4676 uon
998 4636 1048 4676 au·

250 4701 315 4757 ratis
333 4702 430 4760 amicta
445 4704 576 4776 vestibus,
591 4708 637 4763 sed
658 4718 751 4771 ornata
771 4710 913 4780 modestia,
938 4714 1047 4787 pietate,

251 4790 888 4869 bospitalitatecueterisquerirtutibusomnibus.
897 4802 1049 4867 Ducebatur

250 4900 304 4941 non
319 4886 345 4941 in
357 4896 485 4959 carpento
502 4900 648 4959 camerato,
659 4901 704 4949 aut
716 4902 843 4969 apparatu
854 4895 944 4967 aliquo
954 4896 1046 4965 simili,

249 4976 298 5032 sed
325 4977 429 5034 camelo
453 4978 581 5036 insidens.
605 4980 671 5038 liam
696 4993 792 5053 praeter
812 4986 924 5043 uirtutes
951 4988 1045 5059 animi,

251 5069 333 5125 etiam
347 5084 459 5142 corpora
479 5072 611 5143 virginum
627 5073 691 5129 oiim
706 5076 806 5144 optinra
818 5077 928 5133 luerunt
942 5080 1046 5143 lrabitu-

249 5160 322 5217 dine.
337 5160 396 5219 Nun
417 5164 489 5219 enim
514 5163 553 5220 sie
565 5164 747 5222 educabantur
767 5169 935 5237 amatribus,
961 5170 1041 5227 nrm

1108 2868 1256 2948 ridentiaqn
1279 2863 1439 2941 patriarchae
1461 2860 1693 2941 imiteminique
1723 2875 1788 2917 usus
1809 2867 1852 2919 ιιι
1877 2858 1905 2917 in

1108 2960 1228 3035 paranda
1247 2975 1330 3016 omne
1343 2958 1458 3030 simplici
1471 2998 1479 3024 ,
1496 2972 1551 3013 non
1564 2954 1693 3027 pecunias
1704 2968 1840 3029 quierem,
1849 2968 1906 3009 uon

1106 3050 1278 3127 splendorem
1299 3052 1425 3125 generis,
1440 3064 1494 3106 non
1518 3046 1743 3121 pulchritudinem
1760 3047 1904 3121 corporis,

1106 3159 1160 3201 nou
1176 3141 1249 3199 aliud
1264 3141 1409 3217 quidquam
1425 3138 1743 3213 praeterqenerositatem
1754 3136 1847 3193 animi.

1143 3232 1278 3305 Quomodo
1292 3234 1437 3291 erudiendo
1449 3233 1512 3304 pilioe
1523 3250 1539 3287 o
1552 3230 1685 3287 matribus.
1701 3261 1738 3272 -
1746 3229 1801 3287 ios
1811 3239 1905 3287 sutem

1104 3337 1228 3397 matres,
1242 3328 1304 3385 date
1325 3342 1435 3399 operam
1457 3336 1486 3382 nt
1501 3325 1534 3381 ad
1559 3324 1631 3380 irunc
1649 3323 1758 3380 modum
1781 3321 1903 3379 earnem

1104 3429 1211 3477 restrae
1233 3419 1311 3475 lilius.
1336 3416 1421 3475 Porro
1441 3416 1533 3489 sponsi
1558 3416 1604 3488 qui
1636 3429 1683 3473 eas
1702 3414 1812 3471 ducturi
1828 3425 1903 3485 sunt,

1105 3513 1205 3571 umam
1219 3528 1281 3571 cum
1295 3513 1436 3569 benenate
1454 3510 1534 3569 simili
1548 3508 1780 3578 ,exterminantes
1794 3508 1901 3579 risum,

1105 3606 1240 3675 choreas,
1255 3604 1465 3677 turpdoqnium,
1490 3602 1593 3659 listulas
1606 3642 1614 3675 ,
1625 3601 1725 3669 tinias,
1739 3599 1903 3657 diabolicum
2020 3621 2021 3624 ¹

1104 3696 1180 3775 iilum
1199 3705 1355 3771 apparatum
1374 3705 1402 3755 el
1420 3696 1524 3771 reliqua
1542 3694 1719 3767 liujustnodi,
1738 3708 1904 3771 ¹semperque

1103 3792 1261 3851 invocantes
1277 3792 1381 3859 Deum,
1401 3799 1431 3846 ut
1456 3773 1589 3845 mediator
1610 3787 1681 3847 adsit
1702 3785 1838 3844 actionum
1854 3802 1905 3842 no-

1104 3892 1222 3938 strarum
1244 3881 1378 3938 omnium.
1404 3880 1432 3935 Si
1460 3879 1531 3936 enirn
1558 3891 1603 3934 res
1624 3888 1731 3933 nostras
1750 3874 1804 3935 boc
1825 3884 1903 3945 pactu

1103 3973 1327 4046 disposuerimus,
1339 3970 1443 4027 nubtam
1456 3968 1602 4025 unornane
1615 3971 1676 4033 erit,
1689 3966 1763 4021 ntdla
1776 3965 1904 4021 adulterii
2020 4003 2021 4042 q

1104 4064 1233 4136 suspicio,
1245 4071 1290 4119 aut
1305 4054 1578 4133 occasiorzeintypiae',
1601 4072 1655 4114 non
1678 4058 1745 4123 rixa,
1761 4070 1816 4112 non
1836 4070 1904 4111 con·
2020 4045 2021 4068 ¹

1102 4157 1201 4221 tentio,
1212 4154 1259 4211 sed
1271 4154 1353 4212 muita
1366 4152 1487 4209 lruernur
1497 4166 1577 4224 pace,
1589 4150 1726 4223 multaque
1744 4148 1901 4217 eoncordia,

1103 4245 1229 4317 equibus
1252 4260 1306 4301 uon
1329 4244 1443 4301 aberunt
1466 4242 1578 4297 uirtutes
1600 4251 1716 4297 cetere.
1734 4238 1902 4325 Sleut'euim

1102 4350 1188 4395 uxore
1205 4353 1221 4395 a
1243 4338 1340 4394 marito
1354 4336 1502 4393 dissidente
1525 4334 1592 4390 nlirii
1612 4334 1724 4390 saniest
1736 4334 1765 4389 ln
1777 4332 1902 4403 sedibus,

1103 4430 1208 4487 etiamsi
1222 4430 1339 4502 alloquin
1355 4444 1399 4485 res
1420 4443 1512 4483 eomnr
1537 4424 1656 4481 secundo
1668 4424 1793 4482 terantur
1809 4422 1874 4479 datu
1890 4443 1902 4479 s

1103 4523 1140 4579 ita
1161 4522 1224 4579 dum
1248 4536 1299 4593 pax
1322 4519 1457 4577 cortstabit
1480 4529 1507 4575 et
1527 4516 1692 4584 concordia,
1708 4516 1839 4573 nibiierit
1856 4516 1904 4571 in·

1102 4628 1196 4683 suare,
1210 4612 1314 4671 etiamsi
1336 4610 1456 4685 quotidie
1475 4618 1653 4681 tempestates
1674 4606 1799 4665 accidant
1812 4608 1905 4678 pluri-

1102 4722 1165 4764 mu.
1188 4707 1217 4764 Si
1240 4707 1293 4763 ime
1316 4706 1397 4761 modo
1418 4703 1631 4761 corteiiiabnntur
1644 4704 1758 4775 nuptiae,
1772 4702 1905 4773 perfacile
2020 4774 2021 4785 ἵ

1091 4800 1250 4871 polumnus
1272 4798 1306 4854 ad
1320 4799 1446 4853 uirtutem
1466 4796 1581 4851 educare
1613 4794 1724 4851 llberos.
1750 4793 1804 4851 tltn
1826 4796 1904 4851 enirn

1101 4900 1190 4947 mater
1200 4900 1253 4945 tam
1269 4888 1383 4945 bonesta
1401 4886 1496 4950 literlt,
1522 4900 1555 4943 sc
1578 4886 1690 4950 sobria,
1705 4885 1834 4956 omnique
1847 4886 1907 4939 uir-

1101 4994 1158 5041 tute
1178 4984 1299 5056 predita,
1312 4980 1433 5054 prolecto
1452 4979 1577 5057 maritum
1592 4977 1727 5034 desiderio
1746 4978 1788 5033 sui
1810 4978 1907 5048 capiet
2020 5001 2021 5004 ¹

1100 5090 1133 5131 ae
1145 5073 1296 5139 devinciet;
1310 5081 1389 5143 atque
1404 5072 1440 5128 ita
1455 5070 1565 5127 babebit
1585 5083 1647 5125 eum
1660 5068 1777 5125 alacrem
1792 5068 1907 5137 adiuto-
2020 5123 2021 5134 ,

1100 5180 1157 5222 rem
1171 5164 1198 5219 in
1213 5161 1338 5218 curandis
1351 5170 1432 5233 atque
1442 5159 1613 5218 instituendus
1622 5158 1814 5215 communibus
1827 5158 1908 5214 iibe-
2020 5235 2021 5238 Ἴ

248 5254 341 5323 1ιοι11ι,
355 5256 449 5315 erebra
462 5257 533 5315 inter
547 5270 682 5333 unguenta
695 5266 724 5316 et
735 5258 840 5328 balinea,
856 5260 946 5317 lueurn
961 5272 988 5318 et
1005 5262 1045 5333 pi·
1099 5258 1139 5313 ris
1152 5272 1159 5324 ;
1171 5254 1304 5327 simrdque
1320 5254 1405 5309 llemn
1418 5254 1453 5310 ad
1471 5252 1690 5324 prospicientium
1704 5252 1744 5308 eis
1756 5250 1879 5307 atti-eluet
1896 5270 1906 5306 :

248 5356 368 5421 qmenta,
383 5348 410 5405 in
424 5350 549 5407 mollibus
561 5350 735 5420 indumentis,
750 5353 862 5424 aliisque
877 5350 1046 5427 corrrrpteia·
1100 5364 1154 5423 quo
1167 5348 1303 5421 aspirante
1323 5356 1376 5402 tarn
1390 5346 1511 5403 banestre
1523 5346 1748 5402 sdrrrinisrrationi
1768 5344 1911 5401 domesti-

248 5458 311 5499 rmn
333 5442 420 5499 modis
444 5442 611 5513 innumeris,
634 5442 1052 5518 quibusiiantpiusquamdecet.
1099 5456 1150 5509 cae,
1163 5450 1190 5499 et
1202 5450 1347 5497 exercente
1369 5454 1514 5512 puerorum
1540 5439 1656 5507 animos,
1680 5438 1770 5494 omnia
1784 5437 1910 5509 pustlrac

248 5532 391 5590 molliculas
417 5551 424 5589 ι
455 5532 502 5590 sed
528 5534 615 5591 modis
638 5520 762 5593 oneribus
786 5528 859 5593 dura'
873 5544 929 5592 erat
952 5550 1045 5593 earum
1096 5532 1215 5606 iucunda
1231 5539 1351 5588 eruntet
1366 5528 1559 5597 leiicia,rebus
1574 5538 1628 5584 tarn
1640 5527 1910 5599 beneeompositis,

248 5621 383 5681 educatio.
408 5624 589 5694 Qttamobrem
615 5610 649 5684 et
666 5628 787 5700 corporis
809 5624 897 5681 natira
913 5624 1046 5705 linrebant
1099 5636 1127 5683 et
1143 5626 1179 5682 iis
1191 5624 1237 5697 qui
1248 5633 1366 5698 praesunt
1384 5624 1424 5680 sie
1437 5622 1540 5679 alluens
1557 5640 1564 5679 ε
1583 5621 1737 5694 poteritque
1750 5620 1911 5691 utrumuis·

250 5712 468 5796 pulchritudine,
487 5718 568 5774 nuiiis
588 5717 686 5791 adjutae
704 5717 823 5775 extends
844 5717 1000 5787 lenociniis,
1017 5730 1046 5779 ιι
1099 5735 1150 5791 que
1162 5734 1215 5777 una
1234 5734 1295 5775 eum
1315 5730 1365 5773 sua
1386 5716 1477 5787 domo,
1498 5715 1624 5773 videlicet
1645 5730 1746 5781 uxore,
1760 5713 1857 5771 iberis
1870 5729 1915 5773 ae

250 5806 407 5885 ualetudine
421 5826 497 5879 aeque
511 5810 623 5867 leliciae
636 5812 719 5867 lorma
735 5810 901 5875 iruebantnr,
917 5810 988 5866 nulla
1003 5812 1045 5868 in·
1098 5811 1256 5878 terruisset
1272 5817 1429 5879 praesentem
1447 5810 1529 5865 ritum
1550 5822 1646 5865 secure
1661 5820 1807 5879 peragere,
1821 5814 1852 5860 ct
1866 5806 1915 5864 ati

250 5894 367 5953 icstaute
381 5900 549 5971 egritudine,
559 5888 563 5907 ’
573 5902 747 5975 ablegantque
766 5902 839 5957 onrni
855 5902 1043 5961 mollitieaella·
1100 5902 1227 5959 caelorum
1243 5916 1353 5975 regnum
1367 5900 1509 5977 pertenire
1521 5905 1528 5955 ὲ
1542 5915 1601 5973 quse
1614 5899 1691 5956 nobis
1705 5896 1829 5955 omnibus
1843 5912 1918 5971 pet
