4142 6342
155 357 194 415 tet
601 350 649 407 alt
664 346 830 408 mildi!
848 340 1102 406 abundabatis.
1124 342 1239 409 libati„
1259 348 1330 412 xli.
1734 361 1786 425 lb!

141 480 244 541 ‚qum
256 462 381 532 diubitls,
394 470 424 519 et
435 462 553 517 animam
565 455 684 518 meunt
695 460 759 541 quid
772 468 875 515 malma
890 458 932 515 lu·
971 460 1098 529 diteris,
1111 473 1171 519 eum
1184 464 1264 522 uuultt
1276 466 1385 523 domum
1396 470 1547 529 saecuritatis
1560 470 1724 546 plenitudine
1736 496 1780 537 re-

153 561 237 626 censis,
246 566 376 629 quantum
387 555 507 611 animaru
517 562 589 610 tuam
599 560 629 610 et
640 554 791 624 proximam
801 547 935 614 ledislsi
988 554 1069 613 tibin
1086 556 1155 613 datii
1170 572 1234 630 crgo
1248 556 1332 617 ileum
1348 560 1375 617 in
1390 562 1533 631 mandatis,
1546 570 1575 623 ut
1587 568 1643 639 ipse
1657 572 1783 631 exaudiat

154 654 216 710 cuim
226 650 313 707 medis
325 648 399 721 quotl
411 663 493 703 ιιιιι
512 646 546 703 sit
569 646 670 709 bomo.
683 654 717 701 nv
729 644 874 717 iuramenti
889 658 936 701 ne·
988 656 1017 705 te
1029 648 1058 704 iu
1069 648 1245 707 elatioribus.
1258 650 1314 708 lloc
1325 652 1437 712 verbum
1447 656 1473 712 ln
1484 658 1551 713 cato
1562 662 1704 732 scribetur,
1716 664 1782 723 etlu

153 748 292 805 cessitatem
306 742 444 809 addevam
467 742 490 796 si
511 752 578 797 vero
599 740 669 795 tuirsti
688 738 760 811 mund
779 739 935 806 mentietur,
987 742 1134 814 prdrcbdlc
1149 742 1196 799 tibi
1209 742 1337 813 dautur,
1362 756 1389 802 et
1412 745 1493 805 rtuuita
1513 746 1642 810 dissolvet
1662 766 1783 825 peccata.

154 856 182 895 ue
199 836 318 909 peierare
339 848 431 907 cogas.
444 832 498 890 Sed
520 831 626 889 utmilui
650 831 733 904 plena
757 830 825 887 lidos
849 830 936 899 derna
989 832 1045 891 lieo
1058 834 1225 891 lanatarium
1239 836 1266 891 iu
1283 836 1456 907 iuramento,
1472 856 1564 898 vorum
1578 854 1605 901 et
1618 844 1644 902 ln
1659 850 1784 907 ouuuuibus

153 926 293 985 instandum
313 934 391 993 erat,
413 923 501 995 inipuit
519 941 526 978 :
547 923 602 979 imo
626 932 689 979 torrc
712 922 761 978 tibi
786 931 843 979 rata
871 922 938 979 ildes
991 926 1104 998 negotiis
1124 928 1273 999 rogitemus
1287 946 1294 984 ε
1309 938 1412 985 etttrru
1430 931 1560 990 debemus
1575 936 1672 1009 aliquid
1696 940 1784 997 lacere

154 1022 201 1088 bct,
214 1018 381 1091 coniurare
401 1032 464 1073 eum
490 1032 543 1072 nou
565 1016 696 1087 coegeris.
711 1014 788 1071 Nunc
799 1014 874 1071 enim
888 1013 938 1070 dn-
990 1016 1052 1074 boui
1066 1025 1177 1090 propter
1190 1018 1290 1086 licum,
1304 1020 1375 1092 quoti
1386 1036 1447 1078 uuor
1461 1024 1560 1095 aliquid
1574 1026 1669 1085 inierat
1681 1030 1784 1101 damni,

153 1129 216 1168 urum
236 1124 395 1183 regressus,
407 1123 422 1163 a
436 1107 600 1165 conscicntia
614 1106 723 1195 assidue
741 1104 861 1173 cuderim
880 1104 939 1161 bac
989 1122 1045 1165 nott
1059 1108 1190 1165 solennes
1205 1111 1312 1182 uegmio
1324 1111 1452 1168 damulam
1466 1124 1629 1185 memus,
1644 1120 1690 1175 sed
1701 1122 1782 1177 ctiam
1837 1092 1842 1101 ’

153 1214 269 1277 reputans
281 1200 436 1273 :Numquid
457 1214 511 1256 non
533 1198 631 1255 irttsim
646 1197 787 1269 adlumuil
808 1195 938 1269 numquid
991 1200 1104 1267 lucrum,
1117 1201 1547 1275 quoampicmusproptarbeuur
1554 1208 1689 1266 lacicudm
1704 1210 1783 1279 Parta,

153 1316 198 1355 non
210 1294 359 1369 pejeravit?
372 1293 502 1365 namquid
520 1307 573 1348 oon
591 1307 642 1363 ego
663 1289 700 1347 lui
719 1304 800 1347 causa
816 1289 939 1370 parentii
989 1290 1080 1348 sltem
1093 1302 1119 1349 te
1135 1292 1268 1365 quispiam
1282 1294 1464 1352 contumelia?
1490 1296 1530 1353 ier
1545 1314 1675 1369 generose
1690 1320 1698 1356 :
1712 1302 1783 1360 leues

153 1392 176 1448 Si
193 1405 254 1446 rero
275 1404 332 1443 non
350 1386 534 1457 atbunrcris,
549 1384 660 1440 domum
675 1396 814 1455 mucosus
826 1380 939 1437 mortuam
990 1392 1079 1439 autem
1093 1398 1233 1455 generoso,
1248 1385 1271 1440 si
1282 1400 1338 1443 non
1348 1389 1540 1445 coutumeliam
1551 1392 1711 1461 cogitaveris
1725 1402 1785 1451 tau-

153 1483 232 1554 captes
243 1479 470 1545 consolationem,
486 1492 568 1549 agens
583 1476 637 1533 boo
649 1475 768 1547 gratias,
783 1483 811 1531 et
823 1474 937 1531 docos:
991 1482 1059 1543 mm,
1073 1476 1210 1533 sedetiam
1224 1477 1420 1549 tmmjubsutts
1429 1479 1596 1552 dignitatem,
1607 1491 1636 1540 et
1645 1490 1785 1543 mansuete

152 1571 303 1631 mumma
314 1572 397 1639 lleus,
408 1570 534 1641 quoniam
545 1583 588 1623 mc
603 1568 690 1637 ipsum
704 1564 835 1632 continui,
851 1580 939 1637 neque
978 1567 1072 1625 ,inm
1096 1567 1298 1642 llleemosgunm
1317 1570 1435 1627 dedistil
1454 1586 1490 1628 ne
1514 1572 1662 1645 impensum
1685 1576 1787 1648 cogites

153 1664 264 1737 adjurari
279 1663 390 1727 trustra,
404 1676 455 1716 uec
469 1670 581 1716 temore.
597 1658 759 1730 Deploretur
767 1670 940 1725 autumpnu-
980 1666 1094 1718 ‚tontum
1105 1698 1114 1729 ‚
1127 1676 1220 1719 verum
1232 1670 1261 1717 et
1271 1674 1431 1733 pinventum
1444 1677 1478 1719 ιι
1499 1664 1629 1737 impensa.
1645 1665 1788 1726 llulbtmus

154 1770 212 1815 eunt
223 1756 354 1829 muniar,
364 1763 396 1810 ut
410 1754 461 1809 boc
474 1752 551 1807 uobis
561 1752 678 1807 manime
691 1751 799 1823 plenam
813 1749 893 1807 iidem
905 1748 941 1805 ia-
990 1766 1023 1807 es
1033 1753 1177 1823 pccttniisl
1189 1753 1287 1825 gratias
1297 1768 1357 1826 nge,
1369 1764 1531 1813 mmmmm
1542 1756 1654 1829 Mutat
1664 1758 1786 1819 tamma

154 1851 212 1917 ciat,
222 1850 307 1921 legem
321 1863 376 1903 non
389 1846 563 1919 praeteriisse,
574 1859 625 1901 nec
636 1843 751 1901 alterum
762 1844 939 1915 megaram
990 1852 1115 1916 spectes,
1136 1859 1229 1901 verum
1241 1854 1269 1901 et
1283 1844 1386 1903 morum
1404 1860 1439 1903 ιι
1457 1849 1602 1920 gratiarum
1617 1850 1733 1907 ambite.
1756 1850 1787 1909 bt

153 1941 317 1996 bocboeret.
327 1938 421 2011 Cogita
435 1947 615 2010 propterque
629 1952 684 1993 nort
696 1936 840 2008 adjurasti,
850 1936 941 1996 etbne
991 1934 1033 1991 sic
1047 1950 1096 1991 nos
1109 1950 1316 2008 componamus,
1338 1937 1442 1993 nullm
1465 1938 1641 1995 scamnum
1661 1952 1784 2012 notgrar·

152 2034 193 2089 nbi
203 2030 321 2089 sulliciet
334 2030 361 2087 in
375 2029 543 2103 refrigerium
558 2039 586 2086 et
599 2030 823 2087 consolationem.
833 2030 940 2103 Saepius
992 2030 1065 2085 mum
1079 2028 1266 2099 conciliabit,
1285 2029 1333 2087 ted
1345 2044 1379 2086 en
1393 2030 1426 2087 lis
1446 2035 1506 2101 quae
1527 2030 1651 2088 uidentm
1664 2043 1727 2090 ests
1740 2036 1790 2091 tvl-

151 2140 261 2196 namque
273 2137 362 2195 pugna
377 2122 494 2178 conllata
507 2122 697 2177 coutumeliam
711 2122 844 2193 patientes
855 2136 941 2194 geute·
992 2125 1061 2189 nia,
1075 2124 1238 2181 lucrabimur
1252 2142 1260 2180 a
1277 2134 1307 2182 et
1315 2124 1445 2182 mittum
1458 2126 1566 2193 divitiis.
1592 2124 1698 2183 tristitia
1710 2128 1789 2185 rola-

150 2214 341 2282 roselerituus,
355 2224 384 2271 ct
396 2214 588 2271 corutumcliam
599 2212 724 2270 intercuti
734 2212 859 2280 dicitutn,
870 2213 940 2283 Qud
992 2224 1066 2288 peste
1079 2226 1106 2274 et
1118 2216 1315 2285 delectatione,
1340 2216 1500 2273 maumetis
1527 2214 1630 2273 bonore
1642 2216 1786 2289 iucundior

149 2312 191 2367 tibi
200 2309 319 2366 iaciaml
331 2306 379 2365 iile
392 2324 436 2365 me
450 2308 566 2363 retiaet¹
581 2316 711 2379 patronus
721 2315 800 2375 tuus;
810 2308 856 2364 ilic
865 2322 941 2364 meas
993 2310 1045 2365 crit
1058 2318 1085 2365 et
1099 2309 1319 2379 desiderabilior,
1340 2318 1368 2367 et
1380 2308 1471 2365 omnin
1484 2310 1621 2365 contraria
1640 2310 1667 2364 lu
1681 2312 1786 2367 lucrum

149 2402 251 2458 cohibet
267 2414 376 2455 manus.
389 2398 425 2455 lit
439 2398 492 2455 boc
505 2398 582 2454 nobis
594 2397 627 2453 ad
638 2398 852 2455 consolationem
863 2397 940 2453 suttt·
994 2402 1072 2457 nobis
1085 2401 1259 2473 provenient,
1275 2409 1303 2457 et
1324 2400 1367 2457 bic
1389 2400 1471 2457 uuum
1495 2398 1616 2457 irum
1638 2401 1790 2473 tansmilll·

149 2495 189 2550 cit.
204 2494 242 2549 lta
258 2501 289 2549 tu
308 2506 416 2565 quoque
437 2506 498 2547 cutm
522 2488 676 2561 quempiam
696 2489 869 2559 abjuraturus
890 2502 938 2555 es,
994 2502 1068 2559 tate,
1083 2502 1110 2549 et
1125 2492 1178 2549 illic
1189 2505 1302 2556 resarum
1316 2492 1444 2547 mineum
1463 2502 1639 2562 amequeapnr
1652 2508 1659 2545 ε
1674 2504 1728 2560 qno
1741 2490 1792 2547 ubo

150 2587 258 2658 teipsum
271 2584 393 2653 contioe,
406 2580 531 2654 prohibe,
547 2589 574 2635 ct
587 2579 633 2636 dic
644 2580 769 2652 juraturo
785 2598 792 2634 ε
808 2578 878 2647 Quid
893 2578 940 2635 tibi
993 2598 1089 2640 ourucs
1098 2582 1195 2653 iquos
1205 2582 1262 2637 lleri
1277 2583 1287 2614 ¹
1300 2581 1388 2647 detur,
1404 2582 1487 2652 gratia
1499 2582 1668 2637 etolemetttu
1683 2580 1790 2649 nomini

150 2674 258 2733 mam?
271 2674 346 2732 Deus
357 2673 441 2745 jussit
454 2687 506 2728 uon
519 2670 655 2743 adiurare,
672 2670 716 2725 illc
731 2684 775 2724 me
789 2684 861 2723 nuruc
875 2684 942 2724 con-
995 2674 1079 2730 nostri
1093 2673 1157 2730 tcsu
1169 2672 1289 2739 Christi,
1305 2683 1354 2741 per
1368 2684 1448 2743 quem
1462 2679 1564 2727 etcum
1579 2682 1634 2742 quo
1649 2670 1719 2726 Patri
1734 2679 1786 2727 una

149 2770 218 2826 tinet.
235 2764 347 2825 Suiilcit
360 2764 414 2821 boc
426 2773 454 2821 et
467 2761 502 2819 ad
515 2762 646 2819 bonorem
662 2760 844 2831 legislatoris,
859 2767 887 2815 et
906 2758 941 2815 nd
993 2780 1054 2821 curu
1067 2773 1160 2823 sancto
1174 2763 1276 2835 Spiritu
1289 2762 1373 2834 gloria
1385 2802 1393 2828 ,
1407 2761 1550 2833 imperinm
1562 2770 1591 2817 et
1604 2760 1707 2830 bonor,
1719 2773 1791 2819 uuruc

148 2860 318 2917 securitatem
333 2866 416 2922 mam,
431 2865 460 2911 et
471 2854 505 2910 ad
517 2853 633 2926 juraturi
647 2853 781 2909 timorem.
791 2851 858 2907 Cum
869 2852 941 2907 euim
994 2868 1022 2914 ct
1030 2872 1152 2931 semper,
1158 2864 1188 2915 et
1201 2856 1228 2917 itu
1243 2853 1340 2913 saecula
1352 2854 1527 2913 ammineum.
1541 2854 1636 2912 baeu.

149 2954 187 3010 ille
198 2951 302 3010 viderit
313 2946 386 3023 quod
407 2949 448 3006 sic
466 2946 534 3005 alios
549 2946 673 3018 adiurare
687 2960 840 3010 vertamur,
856 2944 942 3000 multo
1008 3008 1013 3017 Ι
1620 2924 1624 2935 '

147 3049 227 3134 magis
242 3046 305 3119 ipse
319 3040 399 3101 iacile
410 3042 502 3115 iurare
515 3039 682 3097 lormidabit.
709 3038 737 3111 si
759 3038 810 3095 boc
830 3037 941 3095 uerbum
1383 3096 1386 3103 .

1029 3132 1037 3164 ¹
1056 3128 1127 3181 sauli.
1140 3133 1167 3179 et
1178 3124 1276 3191 quidam
1287 3120 1337 3181 alii,
1354 3120 1419 3187 qvod
1440 3117 1607 3173 nmodtinere.
1625 3122 1716 3167 caetera
1736 3130 1793 3181 quas

174 3204 184 3236 ¹
197 3200 328 3254 &babet
343 3205 398 3251 aar.
410 3198 477 3263 apttd
493 3196 590 3248 nantel.
611 3208 673 3247 vero
683 3195 788 3260 legitur,
804 3190 941 3260 namna,
995 3194 1130 3243 orationem
1141 3186 1264 3245 claudunt,
1277 3179 1381 3234 nardum
1393 3184 1487 3233 variant
1498 3176 1794 3241 incodicibusprolibra.

146 3278 195 3330 pro,
205 3263 307 3318 rm.
994 3257 1088 3305 morum
1101 3252 1178 3312 tutuo,
1190 3250 1233 3314 qai
1245 3248 1298 3299 lter
1308 3246 1471 3309 sanguisque
1482 3252 1551 3293 nore
1561 3242 1716 3292 ωιοιιιιιιι.
1776 3272 1779 3279 .

145 3362 1792 3409 M

142 3491 310 3546 'amrm'ru
330 3498 374 3543 uo
393 3493 591 3541 euenerunt
613 3495 622 3527 ι
644 3489 876 3548 uoruuurtornc,
911 3459 1122 3536 sr'buursus
1145 3488 1187 3532 nur
1208 3486 1292 3532 runa
1327 3480 1613 3536 consummaturus,
1650 3480 1716 3526 nutu
1738 3446 1817 3523 russ'

182 3600 328 3648 russata
348 3595 540 3644 rurenses
560 3595 594 3639 ut
616 3590 790 3639 occuusrutr
812 3594 853 3636 er
873 3590 1072 3654 cousouurus
1093 3588 1236 3643 uutssau,
1260 3586 1378 3632 usurus
1397 3585 1454 3630 usu
1467 3582 1611 3627 raesens
1626 3552 1787 3625 nouatuu‘:

183 3704 225 3749 st·
247 3700 292 3746 ns
314 3692 455 3747 vtuuunn
475 3694 735 3753 rumunnense
758 3694 789 3737 nt
813 3693 907 3737 tutuo
921 3691 1071 3738 urosrouu
1092 3688 1214 3737 nunaunt
1227 3691 1247 3733 -r
1265 3686 1385 3733 ruuuus
1400 3684 1534 3731 tuncrus
1568 3683 1642 3729 assu
1665 3644 1813 3729 cuursuu'

183 3790 194 3865 i
217 3784 354 3853 Pitilent.
375 3778 426 3855 tl.

867 3902 1078 3970 W

458 4084 567 4129 nortun
587 4083 643 4124 avr.
1000 4059 1136 4118 conlidere
1149 4054 1378 4129 persuadebimus,
1392 4050 1466 4109 otoni
1484 4050 1575 4121 tepore
1589 4048 1736 4106 timidiores
1749 4056 1799 4113 pat

185 4176 209 4232 l.
228 4168 356 4230 Praefecti
368 4163 476 4239 quidem
493 4152 810 4234 providentiamlandaui‚
822 4153 946 4225 quoniam
1000 4152 1071 4209 banc
1092 4150 1153 4207 lacti
1176 4146 1356 4215 auxietatem?
1378 4145 1412 4204 tit
1431 4142 1494 4215 quid
1515 4141 1674 4209 laceremus,
1696 4142 1800 4225 inquiri

151 4264 357 4322 tumultuantem
367 4255 536 4328 conspicatus
545 4247 690 4317 ciuitatem,
703 4249 728 4304 et
740 4260 834 4303 omues
843 4244 878 4301 de
887 4244 947 4316 luga
1002 4244 1131 4301 llomiucs
1143 4242 1215 4299 cuim
1238 4254 1340 4297 sumus.
1361 4240 1396 4297 tlt
1410 4245 1519 4309 propter
1532 4236 1582 4293 boc
1596 4236 1681 4307 ipsum
1695 4244 1802 4306 perusus.

151 4354 342 4421 deliberantes,
366 4348 513 4423 bnassus,
527 4359 576 4401 uos
596 4338 750 4399 consuimus
762 4346 804 4395 est
817 4347 845 4393 et
857 4338 884 4392 iu
897 4336 947 4392 bo·
1002 4339 1059 4395 bari
1074 4352 1126 4393 uou
1140 4342 1254 4407 oportet,
1266 4332 1328 4407 quia
1344 4331 1467 4389 immines
1479 4343 1580 4395 surmus,
1592 4336 1620 4385 ct
1637 4343 1690 4383 uon
1709 4326 1797 4387 muta.

152 4464 211 4506 uram
221 4462 299 4520 spem
310 4440 429 4508 adduxit,
444 4456 493 4513 pro
502 4438 579 4494 vobis
588 4443 677 4493 autem
688 4430 785 4489 robore
794 4426 948 4502 pudoreque
1005 4430 1050 4486 lllu
1075 4426 1223 4501 lragoribus
1244 4434 1272 4482 et
1291 4422 1449 4481 stridoribus
1463 4420 1550 4477 omnia
1571 4428 1726 4475 terrentur:
1743 4434 1798 4479 nou

151 4528 265 4599 samum
278 4554 349 4603 sum,
362 4532 434 4606 quod
444 4527 586 4590 exterioris
596 4534 656 4601 post
668 4520 766 4580 multos
778 4518 949 4593 protinusque
1003 4520 1075 4589 eninr
1088 4516 1186 4574 babent
1199 4516 1339 4579 rationem,
1352 4530 1412 4587 quae
1427 4513 1549 4569 timorem
1560 4509 1689 4581 repellero
1703 4510 1800 4581 possit,

139 4612 948 4691 ·marronesilosconsolatlmrisiodigucritis.optaviterrani
1005 4620 1033 4665 tu
1057 4624 1121 4665 vero
1144 4608 1248 4663 ratione
1271 4615 1298 4662 et
1319 4602 1432 4660 consilio
1453 4601 1604 4667 decoratus,
1623 4600 1757 4672 quomodo
1773 4600 1801 4657 iu

151 4724 218 4783 'mibi
237 4723 377 4783 debiscere
397 4729 424 4776 et
441 4710 574 4786 immergi,
595 4707 701 4781 qvuauudo
720 4708 805 4779 ipsum
817 4700 949 4760 vobis'lo-
1005 4702 1110 4759 iliorum
1121 4698 1259 4771 segnitiem
1267 4695 1352 4753 cadis?
1363 4695 1499 4766 ingressus
1509 4691 1674 4763 estquidam,
1685 4691 1801 4747 militum

156 4830 279 4893 ruentem
291 4814 443 4878 audiebam,
458 4820 485 4867 et
497 4803 711 4878 intempestiuum
725 4798 795 4855 baiuc
808 4806 836 4855 et
848 4794 951 4852 irratio·
1007 4795 1185 4851 incursionem
1200 4789 1345 4847 nuntiavitl
1358 4804 1392 4845 ne
1407 4786 1531 4853 turberis,
1545 4784 1592 4841 ted
1608 4784 1694 4854 ipsum
1707 4782 1799 4839 diarrit-

156 4911 270 4967 uubilem
295 4906 464 4963 timiditatem
488 4898 568 4965 modo
588 4894 781 4959 consolantem,
798 4888 878 4944 uutodo
891 4886 950 4942 cui·
1008 4898 1077 4953 teus,
1091 4899 1174 4956 genua
1185 4882 1272 4949 ilecto,
1283 4880 1425 4936 Dominum
1438 4886 1510 4933 tuuuu
1522 4890 1597 4949 roga,
1608 4889 1685 4947 geme
1699 4886 1800 4938 aurare,

157 5014 273 5074 psuutenu.
292 4990 354 5056 lion
374 4994 447 5053 eninr
467 5007 515 5049 ros
534 4988 625 5046 altillo
637 4986 728 5043 doceri
741 4978 951 5056 sportellas-sea
1006 4987 1035 5035 et
1047 4974 1233 5033 adversitatem
1257 4970 1376 5042 repellet.
1403 4968 1442 5024 Tu
1464 4968 1571 5040 quidem
1586 4964 1674 5021 audita
1690 4960 1803 5017 militum

157 5092 364 5150 iulldelibusvoa
377 5090 557 5159 preceptores
579 5078 703 5135 omuibus
724 5075 792 5132 lueri.
807 5073 861 5130 lieo
880 5071 951 5127 cuim
1003 5063 1161 5125 'incursione
1182 5080 1235 5122 nnn
1258 5076 1332 5131 uera,
1344 5060 1469 5132 prresenti
1484 5054 1680 5125 ritaabrumpti
1694 5050 1802 5123 pcricli·

159 5204 183 5254 s,
193 5186 229 5243 ud
241 5182 360 5241 infideles
371 5178 486 5255 iudicati
499 5174 599 5233 Paulus
612 5170 733 5243 permisit
746 5168 783 5242 (l.
796 5170 855 5223 cor.
870 5166 898 5220 li.
913 5162 952 5236 ll3
1008 5173 1079 5221 tatus
1100 5177 1147 5229 es;
1172 5158 1266 5216 boatus
1285 5171 1348 5212 roro
1361 5152 1412 5211 lob
1433 5152 1478 5209 illc
1489 5150 1623 5209 continuis
1636 5144 1804 5203 uenientibus

158 5275 191 5331 'tu
210 5288 273 5333 tera
292 5281 355 5347 post
367 5278 469 5327 mutam
488 5273 591 5339 patrum
606 5260 814 5319 admonitionem
835 5254 953 5313 exieritis
1008 5258 1119 5322 nuntiis,
1142 5266 1165 5311 ct
1177 5250 1267 5326 grauia
1283 5244 1473 5312 nuntiantibus,
1488 5227 1712 5313 etadjicieutibus
1734 5238 1806 5293 iulo·

162 5366 295 5439 indiguisti
317 5358 535 5437 preceptoribus,
559 5362 587 5413 ei
609 5350 711 5425 iugillvl
739 5358 767 5406 el
789 5346 955 5403 verberones
1010 5338 1148 5406 lcru'bilcm
1173 5344 1289 5401 liliorum
1312 5340 1505 5421 perditionem,
1531 5346 1583 5389 uon
1606 5328 1725 5403 cjttlavit,
1753 5344 1808 5387 nou

162 5458 266 5531 buitim
286 5469 382 5514 mm
403 5452 537 5511 cilinium
559 5457 658 5505 numm
678 5434 870 5506 ex‘citavemut,
885 5447 912 5494 0¹
926 5436 953 5492 id
1009 5440 1120 5514 gemuit,
1145 5438 1192 5495 sed
1213 5436 1246 5492 ad
1269 5434 1416 5490 orationem
1429 5439 1575 5484 conuersus
1588 5430 1679 5489 est,et
1692 5420 1808 5477 bouuiuo

163 5549 248 5622 iugtt'n
267 5547 450 5621 mulecerunt.
471 5539 573 5614 Quibus
593 5537 677 5595 oculis
698 5534 812 5604 amptius
833 5529 955 5587 toadetcs
1007 5533 1107 5607 grsutias
1121 5529 1226 5602 agebat.
1241 5526 1357 5583 lluncet
1370 5514 1809 5584 tuimitare3cumuouicnsquis·

163 5646 347 5717 mmmm,
366 5649 422 5697 tam
443 5631 532 5710 pavidi
553 5645 616 5690 eom
635 5630 722 5687 bimum
743 5636 771 5683 et
781 5620 954 5690 autminus
1009 5627 1080 5698 piam
1104 5618 1265 5678 nuntiaverit
1287 5616 1384 5671 milites
1408 5610 1502 5665 urbem
1520 5604 1758 5683 circumdedisse,
1778 5596 1807 5659 e't

164 5736 253 5809 lingua
262 5737 336 5808 ipsos
358 5732 535 5803 alloquemur,
554 5732 582 5781 ei
601 5731 652 5795 prb
673 5714 855 5792 mgsucutnns
879 5713 980 5802 malis·
1008 5714 1243 5786 bonadircpturos
1257 5724 1326 5775 csse,
1349 5704 1382 5761 ad
1394 5702 1535 5759 Dominum
1552 5710 1624 5759 tuum
1637 5698 1761 5769 coniuge,
1780 5690 1809 5751 e't

203 5850 211 5880 ι
224 5850 290 5903 mg,
303 5855 330 5900 gg
340 5844 438 5911 quitiam
449 5842 499 5903 alii,
511 5836 629 5892 mimum
1009 5809 1052 5865 dic
1067 5825 1075 5862 s
1092 5806 1216 5862 Dnmiutts
1238 5799 1315 5867 dedit,
1340 5794 1464 5852 Doudoua
1490 5792 1600 5867 obstulit,
1616 5794 1679 5847 sicut
1693 5784 1805 5844 Domina
