4142 6342
288 531 459 607 gistratibus,
472 526 580 587 tristitia
599 521 684 581 multa
697 530 832 586 tenentur,
853 531 988 576 carcarem
1000 513 1078 571 laabi-

289 636 387 696 tantes,
399 624 502 683 catenis
515 618 647 685 obstricti,
660 615 778 690 quotidie
791 614 859 671 nori
874 620 1078 683 exspectantem

290 716 393 777 hirero
413 714 555 788 purissima
568 711 692 768 iniuntur
713 707 858 780 voluptate,
878 706 957 761 etiam
972 703 995 759 si
1016 701 1079 773 quid

291 826 371 883 grate
385 808 440 879 pati
451 804 554 863 accidat
570 821 577 859 a
593 811 620 860 et
627 817 686 874 quae
700 800 759 857 aliis
772 797 898 856 terribilia
912 810 971 853 esse
984 792 1080 869 tiden-

294 912 355 970 tur,
376 900 434 957 haec
457 897 522 969 ipsis
537 903 601 953 suat
618 891 823 950 desiderabilia:
838 898 937 945 norunt
957 886 1028 943 enirn
1048 885 1082 941 ad

295 989 358 1063 quid
372 996 492 1051 cannot,
507 995 536 1044 et
549 986 610 1057 quis
621 984 692 1052 linis,
713 992 853 1055 postquam
874 979 937 1036 hinc
949 978 1081 1035 discesse-

295 1085 358 1151 rint,
385 1083 511 1155 suscipiet
527 1098 535 1138 ι
551 1088 579 1137 et
600 1093 660 1135 cum
687 1085 760 1133 tanto
784 1076 902 1131 uiuentes
928 1073 1033 1141 studio,
1056 1080 1084 1130 et

296 1184 408 1232 mortem
422 1171 584 1242 deridentes,
595 1186 644 1243 pro
656 1170 815 1227 aliistameu
826 1168 935 1236 dolent,
947 1176 1019 1225 etex
1033 1167 1085 1223 lroc

297 1266 415 1323 uicissim
429 1279 552 1336 magnam
567 1264 674 1334 capiunt
691 1261 844 1318 utilitatem.
862 1260 1021 1318 Studeamus
1033 1259 1084 1332 igi·

298 1367 341 1415 tur
352 1356 449 1412 animae
462 1364 560 1411 nostrae
573 1368 664 1410 euram
676 1352 786 1419 habere,
800 1361 828 1409 et
844 1352 1086 1423 inexspectatorum

298 1448 364 1503 nibil
379 1462 427 1503 uos
443 1446 541 1517 poterit
555 1446 729 1512 contristare;
744 1453 771 1499 et
783 1457 833 1515 pro
843 1442 988 1499 merueratis
1003 1442 1086 1499 Deum

299 1554 421 1607 orernus,
433 1549 462 1594 ut
473 1553 520 1595 eos
535 1537 569 1593 ab
581 1536 728 1593 imminenti
744 1536 808 1607 ipsis
821 1535 917 1593 liberet
924 1534 1085 1591 calamitate.

299 1631 408 1691 Poterat
429 1646 526 1701 nempe
548 1628 724 1685 totumsimul
746 1627 851 1685 solvere
872 1626 982 1695 malum,
1004 1636 1032 1683 et
1053 1641 1088 1685 ne

300 1733 394 1779 terrues
405 1722 511 1794 quidem
525 1721 661 1778 dimittere
679 1720 822 1792 reliquias;
842 1718 890 1777 sed
904 1736 938 1777 ne
948 1734 1043 1777 rursus
1054 1718 1088 1775 ad

299 1814 415 1885 priorem
436 1818 601 1869 reuertamur
622 1820 776 1883 torporem,
793 1810 893 1867 sensim
911 1817 939 1867 et
959 1808 1088 1885 paulatim

301 1901 397 1957 irorata
416 1911 564 1959 torrentem
582 1902 713 1958 malorum
726 1901 861 1958 remittere
873 1902 989 1971 curatit,
1004 1900 1031 1957 in
1045 1916 1091 1959 ea-

301 1992 363 2049 dem
383 2007 433 2049 nos
451 1994 568 2050 retinens
589 1994 697 2064 pietate.
724 1994 757 2050 Et
770 1993 840 2065 quod
852 1990 904 2050 hoc
923 1993 960 2051 ait
981 2008 1087 2061 terum,

302 2086 424 2161 quodque
448 2086 524 2144 multi
544 2086 579 2143 ad
594 2086 710 2157 priorem
735 2086 877 2143 rediissent
901 2096 1046 2159 torporem,
1066 2085 1089 2143 si

302 2176 378 2235 breui
398 2186 493 2235 cuncta
506 2178 592 2235 soluta
611 2177 742 2245 luissent,
764 2178 825 2235 iude
844 2177 1015 2235 manifestum
1028 2186 1088 2235 est:

303 2268 391 2325 adlrue
411 2270 569 2326 calamitatis
590 2270 709 2341 reliquias
722 2278 878 2338 remanent,
896 2277 923 2326 et
935 2268 1023 2327 adbuc
1037 2268 1090 2327 lm·

303 2360 432 2431 peratoris
442 2368 483 2417 est
494 2361 593 2417 incerta
607 2358 749 2427 sentenia,
759 2369 787 2417 et
796 2376 891 2418 omnes
909 2361 954 2433 qui
974 2360 1090 2417 civitatis

304 2454 410 2524 negotia
422 2452 641 2510 adnrinistrabant
652 2462 715 2510 sunt
727 2454 754 2509 ιιι
771 2454 899 2520 vinculis3
913 2453 988 2510 multi
1001 2462 1091 2513 tamen

304 2546 439 2603 ciuitatem
451 2548 588 2605 nobiscum
601 2548 774 2605 habitantium
786 2549 890 2606 lavandi
903 2549 1047 2620 cupiditate
1058 2547 1092 2605 ad

275 2657 278 2667 ¹
304 2640 413 2699 durium
423 2651 543 2712 currunt,
557 2644 704 2713 innumeris
720 2646 774 2702 illie
785 2646 952 2704 seconriciis
964 2645 1093 2703 morden-

307 2744 358 2800 tes,
371 2735 548 2805 luxuriantes,
563 2736 742 2807 lascivientes,
755 2740 892 2805 saltantes,
909 2738 1022 2795 leminas
1033 2753 1094 2810 per-

306 2826 451 2884 trahentes.
471 2828 528 2896 (pra
550 2830 629 2901 igitur
650 2831 688 2887 illi
701 2832 777 2888 tonia
800 2830 893 2904 dignit
909 2848 961 2905 qua
981 2846 1094 2890 ascusa-

647 410 677 467 S.
696 398 835 465 mannis
852 390 1092 461 cttnlsuslottt
1110 388 1271 452 andater.
1289 386 1558 451 construamur.

1870 386 1921 450 lta

1135 520 1254 577 narsum,
1277 520 1338 564 cum
1359 504 1544 583 persingulas
1565 504 1634 563 mori
1659 502 1716 563 dies
1736 507 1920 579 exspectabas,

1133 599 1239 673 quaudo
1255 602 1280 658 ιιι
1300 600 1406 658 deserta
1420 598 1541 673 fugiebas
1557 606 1586 657 et
1602 599 1636 656 ad
1654 598 1785 657 montium
1796 602 1923 661 canebas

1134 696 1266 754 vertices?
1287 696 1316 754 Si
1325 696 1385 769 quis
1399 695 1445 752 tibi
1459 703 1523 753 tuno
1536 702 1620 752 totum
1631 709 1731 777 anpum
1743 692 1848 751 illotum
1864 710 1922 753 ma·

1136 802 1200 844 nere
1214 788 1404 859 proposuisset,
1416 796 1444 843 ut
1456 784 1491 843 ab
1499 784 1766 845 instantiliberareris
1779 786 1924 855 ansietate,

1136 896 1225 938 nonne
1237 891 1360 954 prompte
1373 880 1535 953 suscepisses
1544 889 1624 953 atque
1635 879 1835 937 tulissesldum
1847 881 1926 953 igitur

1137 972 1186 1043 illi,
1197 972 1243 1045 qui
1254 974 1354 1045 absque
1363 973 1437 1029 omni
1450 973 1549 1030 damno
1562 972 1620 1029 hcc
1638 972 1733 1041 soluit,
1757 972 1814 1031 Deo
1826 974 1925 1045 gratias

1137 1082 1216 1139 agere
1236 1067 1387 1137 concerdat,
1403 1066 1509 1124 lascivis
1522 1082 1628 1123 rursum
1642 1075 1670 1124 et
1682 1066 1870 1124 contumeliam
1884 1065 1927 1121 ia·

1137 1159 1195 1227 cis,
1208 1168 1236 1216 et
1248 1160 1373 1232 quoniam
1388 1168 1475 1216 metus
1489 1157 1621 1229 transisit,
1636 1158 1669 1214 ad
1688 1158 1815 1229 majorem
1830 1160 1927 1217 iterum

1138 1260 1274 1325 torporem
1290 1251 1409 1309 rediisti?
1419 1252 1464 1309 Sic
1478 1260 1505 1308 te
1518 1252 1664 1329 tetigerunt
1677 1251 1763 1321 mala,
1777 1257 1806 1308 ut
1817 1260 1928 1323 appetas
1980 1290 1986 1296 -

1139 1352 1167 1399 et
1181 1342 1299 1400 balneat
1312 1343 1376 1400 licet
1385 1341 1455 1400 enirn
1466 1343 1560 1399 balnea
1575 1342 1801 1415 permitterentur,
1811 1358 1863 1399 non
1878 1358 1929 1415 po·

1140 1442 1209 1491 terat
1221 1434 1390 1490 morientium
1399 1432 1547 1501 calamitas,
1563 1433 1644 1489 etiam
1662 1432 1701 1489 eis
1714 1433 1764 1504 qui
1777 1435 1802 1488 ln
1819 1433 1860 1489 bis
1873 1448 1928 1489 non

1140 1536 1229 1585 esseut
1241 1526 1365 1592 miseriis,
1382 1525 1551 1598 persuadere,
1563 1535 1592 1582 ut
1606 1526 1725 1581 omnium
1738 1524 1929 1583 oblivisceren·
1968 1508 1975 1519 ⁸

1141 1627 1185 1675 tur
1203 1616 1376 1676 deliciarumi
1390 1618 1428 1675 De
1442 1616 1530 1674 anima
1553 1616 1699 1687 periculum
1711 1623 1762 1683 est,
1781 1624 1809 1673 et
1826 1625 1854 1672 tu
1868 1615 1930 1672 bal·

1141 1725 1252 1767 aeorum
1266 1708 1424 1777 recordaris,
1437 1715 1464 1765 et
1478 1706 1582 1764 deliciis
1593 1708 1632 1765 ιιι
1644 1706 1760 1764 vacare!
1774 1704 1931 1764 contemnis

1141 1800 1186 1873 qui
1198 1816 1269 1858 nurse
1281 1798 1415 1872 chargistil
1428 1798 1494 1855 vids
1508 1814 1542 1855 ne
1557 1796 1664 1869 majoris
1676 1810 1762 1869 poenae
1776 1796 1822 1853 tibi
1838 1812 1932 1854 oeces-

1143 1896 1248 1953 sitalem
1266 1895 1462 1966 circumponas,
1486 1901 1513 1949 et
1533 1890 1635 1947 ablatas
1649 1905 1756 1947 rursum
1773 1890 1931 1947 minascum

1143 1987 1238 2059 majori
1249 1984 1366 2042 attrahas
1380 1984 1543 2050 discrimine,
1558 1991 1584 2038 et
1598 1982 1668 2039 idem
1683 1982 1801 2054 patiaris,
1815 1980 1884 2053 quod
1897 1981 1933 2039 de

1143 2081 1307 2140 daensonibus
1318 2081 1327 2113 ¹
1338 2076 1562 2151 ioquitClrristns.
1573 2074 1716 2148 Postquam
1727 2074 1798 2130 enim
1808 2089 1934 2147 egressus

1144 2172 1223 2232 luerit
1236 2174 1345 2247 spiritus
1358 2168 1529 2237 immundus,
1543 2168 1644 2241 inquit,
1658 2176 1686 2224 et
1697 2175 1788 2239 postea
1801 2166 1936 2223 invenerit

1144 2269 1252 2325 domum
1265 2277 1403 2325 vacantem
1425 2272 1452 2321 et
1473 2263 1563 2335 scopis
1574 2260 1738 2329 mundatam,
1751 2269 1854 2331 septem
1867 2259 1936 2317 ulios

1144 2361 1254 2432 spiritus
1266 2358 1408 2429 nequiores
1421 2372 1451 2411 se
1464 2355 1563 2413 iterum
1577 2368 1727 2419 assumens,
1748 2351 1892 2407 revertitur
1905 2350 1935 2405 ιιι

1145 2456 1278 2521 animam,
1301 2464 1328 2509 et
1350 2450 1417 2507 liunt
1439 2448 1587 2521 posteriora
1611 2446 1669 2518 ejus
1689 2444 1779 2517 peiora
1804 2442 1937 2515 prioribus

1146 2545 1223 2620 (huc.
1238 2546 1280 2601 ιι.
1290 2537 1689 2616 at.·26).lirueamusigimret
1699 2550 1759 2601 nos,
1774 2533 1937 2605 acapriori·

1146 2639 1196 2695 bus
1222 2636 1345 2704 liberati,
1372 2632 1467 2693 inertia
1488 2630 1668 2701 subrepente,
1692 2625 1826 2700 prioribus
1844 2625 1937 2697 pejora

1146 2730 1299 2787 subeamus.
1313 2726 1381 2783 Nori
1396 2739 1445 2783 sos
1457 2724 1492 2781 ab
1513 2721 1562 2801 hac
1579 2722 1680 2778 alienos
1702 2719 1830 2787 stultitia;
1843 2732 1938 2773 seruat

1146 2834 1174 2882 et
1197 2820 1373 2893 incomposite
1396 2816 1563 2875 ambulantes
1585 2812 1717 2879 cohibete,
1734 2810 1833 2881 punite,
1857 2808 1940 2863 casti·

305 2917 398 2973 tiooet
410 2919 464 2974 imo
473 2933 538 2975 vero
547 2934 598 2991 qua
610 2936 664 2977 non
678 2931 741 2977 sont
754 2937 832 2993 poena
846 2931 874 2979 et
885 2922 987 2979 ultione
997 2922 1094 2994 dignit
1146 2928 1223 2989 gate;
1236 2922 1267 2971 ut
1279 2926 1385 2984 semper
1397 2908 1534 2983 gaudeatis
1543 2908 1565 2975 ³,
1578 2905 1647 2961 sient
1667 2903 1767 2978 Paulus
1786 2898 1938 2971 imperavit,

305 3007 516 3079 Giritatiscaput
529 3010 684 3079 incarcere,
707 3012 826 3069 membra
841 3021 932 3070 nostra
945 3013 973 3067 in
985 3011 1091 3081 exsilio,
1147 3017 1179 3065 ιιι
1198 3016 1226 3065 et
1248 3004 1416 3078 propriorum
1441 3001 1484 3058 laic
1505 2999 1662 3057 meritorum
1684 3004 1712 3051 et
1735 2992 1847 3049 aliorum
1865 3006 1939 3048 curre

307 3098 407 3153 incerta
420 3097 454 3156 dc
468 3098 509 3155 bis
524 3102 655 3155 sententia
672 3110 720 3157 :et
734 3112 762 3159 tu
774 3101 817 3171 die
828 3145 836 3172 ,
849 3117 950 3175 quasso,
964 3102 1048 3159 saltas
1067 3112 1094 3158 et
1148 3100 1257 3157 multam
1271 3105 1299 3154 et
1312 3095 1358 3153 bic
1369 3104 1396 3151 et
1406 3094 1434 3149 in
1448 3090 1538 3149 lutura
1548 3088 1601 3146 rita
1612 3088 1748 3158 capiamus
1767 3081 1937 3161 mercedem,

306 3184 376 3244 lodis
387 3199 416 3246 et
427 3189 519 3247 rides?
534 3191 602 3249 llicit
619 3193 802 3266 aliquisallon
822 3194 889 3251 illoti
910 3187 1018 3254 mancio
1029 3195 1096 3252 leri·
1147 3192 1232 3266 gratia
1251 3184 1573 3261 etbcnignitatellomini
1589 3181 1673 3238 nostri
1691 3179 1754 3236 lesu
1766 3173 1875 3243 Christi,
1890 3187 1941 3245 per

307 3281 418 3339 must)
438 3281 617 3353 impudentem
638 3286 813 3351 sententiam,
835 3301 853 3341 o
873 3286 1055 3343 mechanicam
1067 3295 1095 3344 et
1148 3299 1228 3357 quem
1241 3291 1269 3341 et
1278 3297 1340 3339 eum
1352 3258 1407 3353 quo
1418 3278 1489 3336 Patri
1501 3275 1580 3333 simul
1591 3284 1618 3331 et
1625 3281 1718 3330 sancto
1725 3268 1832 3343 Spiritui
1842 3265 1940 3338 gloria,

308 3371 454 3445 perditam!
476 3383 544 3447 quot
565 3390 681 3442 menses,
704 3375 757 3445 die,
780 3391 861 3448 rogo,
886 3376 1010 3433 luerunti
1030 3386 1095 3449 quot
1149 3376 1274 3433 honoret
1285 3374 1425 3441 adoratio,
1441 3386 1512 3427 nnnc
1526 3376 1554 3425 et
1567 3382 1682 3439 semper,
1694 3373 1721 3421 et
1735 3360 1868 3420 insaecula
1885 3374 1941 3415 ιω-

308 3464 388 3520 auoit
412 3466 530 3522 nondum
543 3466 635 3537 uiginti
645 3468 703 3524 dies
716 3468 818 3526 baltreis
830 3470 952 3527 exclusus
966 3471 1053 3543 egisti,
1068 3481 1096 3528 et
1149 3466 1281 3527 culorum.
1294 3466 1390 3523 Αιιιιιι.

308 3564 441 3659 tamquam
456 3568 540 3613 totum
552 3556 641 3616 illotus
653 3561 812 3632 transegeris
820 3577 928 3629 aurnum,
945 3564 985 3619 sic
996 3579 1096 3623 moeres
1181 3608 1190 3640 ,
1208 3600 1420 3665 smmum
1430 3604 1494 3657 m„
1507 3594 1539 3647 g,
1548 3590 1711 3645 dmm.

309 3656 336 3703 et
349 3647 514 3719 mdignarisl
525 3650 640 3715 Siccine,
655 3667 755 3722 queso,
768 3651 839 3711 luisti
851 3670 912 3711 eum
925 3655 1040 3712 militum
1055 3658 1096 3713 in-
1181 3671 1192 3703 ¹
1209 3666 1276 3731 apud
1283 3665 1345 3715 alios
1356 3676 1363 3713 ι
1376 3667 1508 3723 attemper
1518 3657 1676 3721 pandentes.

310 3768 1929 3803 ——--—-----......----------—-

405 3873 560 3921 ΒΟΙΙΜΕΔ
580 3878 729 3926 mma!
752 3861 793 3943 (a)
815 3881 858 3927 ΑΙ)
878 3880 1019 3929 uoltlltlts
1041 3881 1141 3927 sanos
1162 3878 1331 3937 COLBNTBS,
1354 3878 1395 3922 tlt·
1415 3876 1457 3921 litt
1479 3872 1619 3922 ΥΙΤΔΝΜ
1639 3868 1841 3918 'ummo

605 4113 714 4155 tabutata
732 4113 790 4179 ξιξ.

344 4226 372 4281 ι.
391 4226 482 4297 hpnlis
502 4235 653 4285 sanctorum
673 4216 820 4301 martyrum
839 4232 946 4302 excepti
967 4233 1033 4290 estis
1053 4233 1095 4291 bis

309 4318 450 4388 preteritis
462 4317 557 4375 diebus
569 4338 575 4375 ι
589 4319 718 4391 spirituali
730 4320 887 4378 celebritate
897 4322 992 4392 repleti
1004 4324 1096 4380 essul·

309 4409 385 4465 tastis
398 4408 517 4466 honestis
528 4412 751 4469 exsultationibus
766 4432 774 4467 ι
790 4413 893 4470 vidistis
906 4424 997 4485 aperta
1011 4416 1095 4473 latera

308 4509 337 4557 et
348 4501 392 4558 ilia
405 4503 522 4572 concisa,
531 4519 653 4561 cruorem
663 4506 781 4579 undique
793 4506 965 4577 cosmatem,
977 4509 1096 4568 inllnltas

309 4603 502 4653 tormentorum
522 4599 626 4669 species
645 4619 654 4658 a
674 4598 817 4657 humanam
845 4600 949 4657 vidistis
972 4611 1096 4659 naturam

308 4691 517 4759 supernaturalia
530 4702 711 4762 praestantem,
724 4704 753 4751 et
760 4708 874 4751 coronas
886 4694 1015 4766 sanguiue
1027 4708 1096 4752 con·

310 4788 396 4837 testas
410 4798 417 4836 ι
431 4782 568 4853 pulchram
578 4785 696 4842 saltastis
706 4786 848 4853 chamna,
861 4786 888 4842 in
908 4800 1016 4843 omnem
1031 4802 1097 4857 par·

308 4881 363 4929 tem
383 4874 497 4930 civitatis
518 4875 570 4932 hoe
597 4876 712 4933 hortesto
732 4877 801 4933 duce
821 4892 870 4933 ros
888 4878 1094 4950 circumagente.

307 4964 360 5021 seu
379 4980 429 5022 nos
442 4975 471 5022 et
491 4967 587 5024 inritos
608 4968 747 5024 intirmitas
759 4967 832 5025 domi
847 4984 955 5027 manere
972 4971 1095 5043 cogebat.

309 5044 409 5114 'l'an'reo
421 5060 471 5114 etsi
485 5059 647 5115 solemnitati
660 5074 714 5115 non
727 5061 905 5129 interfuimus,
918 5062 952 5118 de
962 5063 1098 5134 voluptate

308 5152 521 5223 participavimus
532 5172 540 5210 ι
553 5154 603 5210 etsi
622 5152 657 5209 de
677 5155 805 5212 concione
826 5155 940 5213 iruetum
953 5171 1006 5213 non
1017 5158 1094 5228 cepi·

309 5256 381 5310 mus,
402 5243 539 5301 vobiscum
562 5254 651 5301 tamen
669 5244 787 5303 laetitiam
808 5262 978 5304 communem
1004 5247 1099 5304 habui·

309 5348 379 5393 mus.
393 5336 465 5394 Talis
477 5346 519 5395 est
531 5337 603 5395 anim
617 5339 736 5395 caritatis
747 5341 788 5395 ris
801 5358 808 5395 ε
820 5355 873 5396 non
892 5339 1011 5395 lruentes
1026 5339 1098 5410 pari·

312 5434 353 5483 ter
364 5442 425 5485 eum
448 5430 596 5488 husonibus
608 5432 725 5503 gaudere
738 5432 813 5499 iacit,
831 5431 985 5486 communia
1004 5432 1099 5501 prosi·

339 5581 366 5645 (a
391 5588 446 5633 terat
459 5590 542 5635 autem
561 5591 660 5637 serente
675 5585 731 5635 diss
747 5583 909 5641 Αιιιιιιιοιιιι,
921 5590 950 5635 ut
958 5584 993 5632 ait
1003 5584 1101 5634 simeon

309 5640 367 5692 sliat
377 5656 420 5704 us,
433 5644 558 5699 manica
568 5660 628 5697 vero
638 5652 744 5697 servatos
753 5644 871 5694 ttomlnica
924 5645 973 5694 lota
990 5652 1045 5707 post
1057 5652 1101 5695 Ρι-

308 5704 862 5779 aeba5paodrerotdditttnaltatenoutaeet,
884 5718 901 5767 p
1015 5718 1046 5755 se
1065 5706 1099 5758 de

308 5766 547 5885 'fflmfflm
560 5770 655 5824 ttoaita
671 5775 744 5822 certe
753 5767 794 5821 blc
803 5765 851 5819 alia
860 5778 962 5831 ιιιιιιιιιι
979 5769 1101 5823 boninitas

420 5840 433 5877 t
461 5838 477 5879 e
519 5864 526 5880 .

1150 4114 1255 4158 snorum
1266 4097 1336 4153 bona
1351 4101 1444 4166 putare
1457 4087 1630 4163 persuadens.
1652 4084 1798 4155 Propterea
1816 4089 1843 4137 et
1866 4076 1943 4136 domi

1150 4194 1247 4250 sedens
1260 4186 1407 4263 gaudebam
1418 4166 1573 4247 vobiscum,
1589 4186 1616 4234 et
1630 4175 1724 4233 morbo
1733 4171 1852 4230 nondum
1864 4170 1943 4227 solu-

1149 4296 1192 4343 tus
1206 4283 1308 4341 surrexi
1321 4291 1349 4338 et
1360 4278 1465 4336 cucurri
1481 4275 1514 4332 ad
1527 4290 1584 4341 tos,
1600 4280 1631 4328 ut
1646 4266 1837 4327 desiderabiles
1855 4262 1945 4321 iacies

1150 4386 1252 4432 vestras
1272 4375 1402 4437 intuerer,
1422 4378 1450 4426 et
1475 4364 1616 4440 presentis
1637 4358 1789 4417 festivitatis
1809 4356 1945 4428 particeps

1150 4469 1253 4527 sanem.
1278 4463 1461 4523 Festiritatem
1474 4460 1545 4517 enim
1561 4456 1702 4513 maximam
1718 4466 1779 4509 esse
1793 4459 1857 4520 puto
1871 4462 1944 4517 pras·

1149 4554 1252 4619 sentem
1264 4558 1345 4624 diem,
1360 4552 1584 4629 propterlratrum
1599 4544 1766 4619 presentiam
1780 4550 1943 4606 nostrorum,

1150 4654 1195 4725 qui
1207 4653 1300 4709 urbem
1324 4648 1402 4705 nobis
1423 4645 1503 4703 hodie
1525 4640 1725 4697 adornaverunt
1750 4642 1778 4689 et
1799 4629 1946 4687 eeclesiam

1150 4745 1335 4802 honestarunt.
1360 4738 1477 4812 Populus
1498 4735 1586 4806 lingua
1602 4732 1611 4763 ¹
1628 4727 1736 4802 quidem
1756 4722 1832 4779 nobis
1852 4718 1946 4776 diver·

1150 4852 1197 4895 sus
1211 4836 1263 4909 (i),
1278 4834 1331 4891 lide
1344 4847 1408 4889 vero
1420 4840 1555 4887 consonus
1571 4820 1702 4894 :populus
1715 4818 1740 4873 in
1752 4810 1947 4885 tranquillitate

1151 4930 1261 4995 uirens,
1282 4928 1364 4982 ritum
1392 4920 1494 4979 liabens
1522 4913 1669 4971 modestam
1695 4921 1722 4966 et
1752 4902 1946 4963 uenerabilem.

1152 5022 1229 5093 hpud
1242 5021 1292 5076 hos
1305 5019 1376 5075 enim
1390 5016 1462 5072 uiros
1476 5027 1530 5068 non
1544 5006 1690 5081 iniquitatis
1703 5000 1865 5075 spectacula,
1889 5012 1947 5052 non

1152 5129 1281 5185 equorum
1296 5110 1461 5174 certamina,
1479 5119 1566 5177 neque
1582 5099 1726 5157 meritoriae
1738 5094 1874 5159 mulieres,
1890 5102 1945 5145 nec

1153 5206 1270 5275 reliquus
1284 5202 1357 5258 urbis
1370 5199 1498 5255 tumultus
1510 5194 1557 5251 scd
1573 5206 1654 5249 omne
1674 5188 1786 5245 luauriae
1795 5196 1879 5257 genus
1893 5181 1947 5237 eli·

1153 5297 1281 5351 minatum
1296 5302 1354 5360 est;
1368 5291 1449 5345 nrrrlta
1463 5302 1526 5344 tero
1548 5284 1646 5356 ubique
1668 5278 1797 5337 modestia
1811 5274 1900 5331 duret.
1917 5272 1948 5329 lul

1154 5404 1218 5446 tero
1242 5394 1285 5444 ost
1301 5386 1329 5441 in
1350 5380 1524 5455 causa,quod
1545 5378 1676 5434 laboriosa
1696 5373 1731 5429 sit
1754 5370 1818 5443 ipsis
1833 5370 1902 5433 vita,
1919 5374 1949 5422 et

1155 5479 1259 5537 uirtutis
1271 5477 1391 5536 solrolarn
1404 5484 1483 5545 atque
1498 5468 1636 5527 modestiae
1651 5464 1767 5523 habeant
1788 5469 1868 5517 terrae
1885 5456 1946 5513 enl-

1156 5584 1252 5639 turam,
1266 5580 1350 5625 artem
1365 5574 1517 5629 tractantes,
1534 5575 1614 5633 quara
1633 5565 1695 5613 ante
1715 5552 1832 5625 reliquas
1852 5560 1950 5605 omnes

1187 5712 1197 5741 ²
1213 5712 1307 5757 sanan
1317 5702 1358 5753 alil
1368 5702 1430 5760 roci,
1449 5697 1541 5765 littgttu,
1553 5695 1652 5759 addunt,
1665 5680 1893 5759 propria-ntra,
1903 5694 1949 5735 tace

1154 5767 1251 5829 roboae
1261 5764 1328 5818 urus
1339 5760 1472 5815 dinolmm.

1189 5829 1227 5897 (b)
1245 5828 1299 5895 agri
1311 5823 1452 5880 muomeat
1462 5821 1547 5877 tusdd
1557 5821 1653 5889 sps-lace
1662 5816 1836 5885 loquebatur.
