4142 6342
275 290 373 393 ’,ιιι
673 316 1567 416 s.rosnmscnnrsosroursuentanconsrtnrmor.
1905 330 1957 391 sto

320 444 411 520 profer
422 438 616 515 ιωιιιιιιιιιι,
631 444 659 495 et
672 438 731 511 ipse
744 438 930 497 remissionem
943 437 1035 495 tribuit
1050 452 1113 508 pec·
1139 440 1143 461 ¹
1166 452 1279 508 corpore
1304 436 1396 494 orbem
1423 444 1554 494 terrarum
1582 436 1750 511 peragrarit,
1773 439 1819 514 qai
1839 446 1955 515 terram,

318 546 442 595 cetorum
452 552 461 591 ι
473 530 641 591 occasionem
660 539 691 587 tu
704 532 828 604 exiguam
844 530 947 598 confer,
960 539 990 586 ut
1007 529 1113 601 specio-
1166 542 1250 597 mare,
1265 542 1407 599 aeremque
1420 528 1554 601 percurrit
1567 570 1575 599 ,
1589 530 1635 602 qui
1649 538 1784 603 tamquam
1800 532 1852 591 alis
1863 535 1958 594 subne-

319 643 379 686 nm
390 623 697 683 babeasercusationem
707 640 715 679 ι
726 622 849 695 quaedam
858 622 931 681 enim
940 622 974 679 ab
984 622 1030 679 ilio
1040 628 1112 689 suat,
1140 642 1143 649 ¹
1165 629 1224 679 etus
1239 622 1336 695 aliquis
1348 622 1441 681 orbem
1455 630 1586 681 terrarum
1594 624 1800 696 perambulavit,
1814 626 1956 699 lapidatus,

319 718 440 792 quaedam
451 732 467 772 a
480 715 557 773 nobis
570 734 578 771 ι
589 729 677 787 quma
691 713 769 771 nobis
782 723 845 771 sunt
863 716 887 770 si
899 713 1112 782 contulerimus,
1140 754 1144 763 .
1165 730 1261 783 cesus,
1275 715 1449 784 verberatus,
1467 715 1512 789 qui
1532 716 1622 771 omnin
1637 730 1686 789 pro
1697 716 1745 775 liei
1756 718 1865 777 nombre
1878 720 1956 789 tulit,

317 820 347 869 ct
358 810 417 883 ipso
426 822 521 866 rursus
536 822 597 879 qum
609 806 716 863 suntab
727 807 787 878 ipso
797 805 938 879 praebebit.
955 806 1015 864 iam
1033 805 1113 878 igitur
1139 846 1143 855 .
1164 808 1209 879 qui
1223 806 1323 865 caelesti
1336 822 1401 865 voce
1414 808 1529 893 desuper
1539 809 1731 881 compellatus,
1744 810 1790 868 bic
1801 811 1865 884 quid
1875 811 1956 881 dieat,

317 916 379 973 qum
388 900 424 957 ub
436 900 484 957 ilio
497 906 570 965 sunt,
587 900 644 969 ipse
660 898 773 968 praebuit
784 915 794 955 r
806 898 893 955 solem
904 896 1057 964 nimirum,
1071 896 1114 953 iu-
1141 918 1145 947 :
1164 905 1193 955 et
1206 896 1311 970 qualem
1324 898 1443 956 emiserit
1460 913 1555 957 rocem
1573 898 1653 957 vido:
1664 900 1840 972 Accepimus,
1854 901 1957 976 inquit,

317 1006 392 1058 uam,
404 990 507 1047 vanum
519 988 657 1045 stellarum
670 987 925 1071 eborumflfundavit,
936 1003 1025 1045 aerem
1034 986 1114 1045 diiiu·
1140 1030 1143 1041 .
1163 989 1275 1061 matiam
1290 1003 1305 1044 ι
1319 986 1384 1059 lieo,
1400 988 1449 1049 sed
1461 1000 1489 1047 ιι
1501 1004 1551 1062 ego
1563 989 1700 1059 laborari,
1715 1000 1742 1049 ιι
1752 992 1832 1049 simul
1842 994 1957 1064 contuli,

315 1083 369 1153 dit,
382 1092 482 1140 terram
494 1068 630 1153 expandit,
649 1080 891 1158 mare-obvallavit,
903 1089 1009 1139 montes
1022 1080 1110 1149 dedit,
1164 1078 1200 1137 Ει
1209 1082 1294 1153 pretio
1304 1082 1369 1153 ejus,
1382 1096 1440 1153 qun
1454 1082 1481 1137 in
1494 1098 1534 1138 me
1548 1092 1596 1151 ert,
1609 1098 1689 1139 ιιιιιι
1700 1098 1751 1140 ιιι
1762 1083 1829 1154 fuit,
1842 1084 1888 1140 red
1899 1085 1958 1157 plur

291 1229 294 1237 ,
316 1173 412 1243 raitm,
424 1174 519 1241 colles,
533 1172 742 1245 fontes,iacus,
758 1169 867 1239 fluuios,
880 1172 1019 1229 innumera
1033 1170 1112 1244 pian-
1137 1208 1143 1215 -
1163 1178 1246 1247 quom
1256 1174 1308 1247 ipsi
1325 1190 1411 1230 οιιιιι
1423 1173 1535 1231 laborari
1555 1185 1578 1231 ιι
1596 1175 1673 1233 dinei
1684 1177 1781 1233 contuli
1792 1176 1831 1249 (ι.
1841 1176 1901 1234 tier.
1912 1177 1955 1235 ib.

317 1278 405 1325 tarum
416 1282 524 1340 genera,
540 1266 676 1337 viridaria,
687 1276 785 1323 cetera
796 1266 885 1322 omnia
897 1283 904 1322 ι
917 1274 944 1323 ιιι
956 1279 1050 1323 rursus
1063 1264 1113 1321 aii·
1139 1270 1142 1277 '
1164 1264 1222 1339 tt).
1236 1264 1375 1333 Novimus,
1390 1264 1490 1337 inquit,
1505 1267 1629 1324 novimus
1642 1268 1735 1339 gratim
1748 1268 1958 1341 magnitudinem

315 1359 381 1433 quid
393 1360 518 1432 exigumu
530 1357 634 1425 confer,
645 1367 676 1414 ut
685 1360 722 1414 ita
730 1358 853 1426 caelestia
864 1357 911 1417 tibi
923 1358 1061 1429 largiatur.
1073 1358 1112 1417 lie
1140 1364 1144 1413 ἰ
1164 1372 1243 1429 quam
1256 1358 1423 1429 acecpimus,
1439 1357 1488 1416 sed
1501 1376 1555 1416 non
1568 1358 1689 1418 desidem
1702 1375 1746 1419 me
1759 1362 1862 1420 ιιιιιιι
1874 1379 1883 1419 ι
1897 1378 1957 1419 ma-

315 1454 397 1525 igitur
417 1469 468 1511 nos
489 1452 563 1524 ipsos
583 1449 767 1523 negligamus,
783 1465 869 1523 neque
888 1466 904 1507 a
920 1451 1007 1509 sainte
1019 1459 1111 1509 nostra
1139 1472 1143 1503 :
1163 1448 1261 1508 nifesta
1274 1458 1338 1507 sunt
1351 1464 1411 1523 qum
1425 1466 1441 1507 ι
1455 1466 1499 1508 me
1510 1451 1618 1508 fuerunt
1631 1452 1715 1511 iliata.
1728 1452 1810 1512 Sicut
1823 1454 1889 1527 ipsi,
1901 1454 1958 1513 fru-

292 1524 295 1532 ’
315 1546 482 1621 procuranda
494 1545 681 1619 desistamus,
702 1558 763 1600 cum
785 1551 888 1599 tantum
910 1543 988 1599 nobis
1001 1542 1111 1614 pelagus
1163 1550 1234 1611 tres,
1259 1557 1354 1599 manus
1375 1541 1408 1599 ad
1423 1544 1621 1617 eleemosynam
1636 1544 1799 1613 domamus,
1813 1554 1850 1603 ιιι
1862 1562 1959 1619 parurn

314 1626 612 1711 beuigrdtatisomnium
625 1635 729 1692 Domini
741 1644 838 1713 pateat,
848 1635 895 1707 qui
904 1650 985 1707 super
994 1635 1112 1709 peccatis
1139 1658 1144 1691 ·.
1162 1633 1227 1707 quid
1239 1634 1384 1692 inferamus
1398 1652 1406 1690 r
1421 1636 1556 1707 ploremus
1569 1650 1651 1710 super
1671 1646 1828 1708 peecatum,
1843 1638 1959 1713 ingenri-

314 1732 414 1789 nostris
428 1731 585 1803 poenitentia
604 1728 722 1787 ducitur.
743 1722 914 1801 Propositum
938 1738 979 1785 ιιι
998 1744 1111 1801 regnum
1140 1742 1144 1753 ¹
1163 1744 1270 1787 scamus
1283 1744 1365 1801 snper
1378 1729 1561 1801 iniquitatem,
1581 1744 1636 1802 qno
1653 1730 1792 1788 videamur
1804 1732 1849 1788 ιιι
1862 1746 1960 1805 parum

313 1823 443 1888 culorum
457 1831 485 1879 ιι
496 1822 653 1894 paradisus,
674 1835 759 1892 eaque
778 1820 862 1891 bona,
876 1836 937 1892 qum
952 1836 1004 1879 ιιι
1016 1821 1111 1879 oculus
1138 1860 1142 1869 -
1163 1823 1227 1895 quid
1239 1822 1339 1881 inferre
1355 1842 1362 1878 :
1377 1822 1605 1896 quandoquidem
1615 1839 1711 1897 magna
1732 1824 1810 1883 nobis
1822 1826 1850 1883 ln
1865 1826 1959 1886 futuro

313 1916 390 1984 vidit,
404 1931 456 1975 nee
467 1916 540 1973 auris
553 1914 667 1983 audivit,
681 1930 731 1971 nec
745 1914 773 1970 in
784 1928 833 1971 cor
845 1912 963 1972 bominis
975 1913 1108 1972 ascende·
1160 1915 1279 1987 reposita
1297 1923 1371 1984 suut,
1385 1931 1443 1988 quse
1463 1923 1622 1987 potestatem
1642 1927 1761 1974 nostram
1774 1926 1958 1990 exsuperant:

291 2078 295 2085 J
313 2020 385 2079 runt,
399 2025 459 2082 quse
472 2010 635 2083 preparavit
645 2009 717 2066 Deus
729 2009 771 2078 iis,
785 2010 831 2083 qni
844 2010 932 2081 ipsum
943 2009 1057 2081 diligunt
1069 2008 1109 2081 il.
1161 2005 1302 2078 paradisus
1314 2006 1385 2063 enim
1398 2014 1451 2076 est,
1463 2016 1490 2063 et
1500 2008 1627 2065 colorum
1637 2023 1749 2080 regnum
1764 2026 1771 2065 r
1784 2010 1860 2081 eujus
1869 2018 1896 2067 ιι
1906 2010 1962 2081 ipsi

313 2102 375 2161 Gor.
387 2103 416 2158 ι.
429 2103 458 2175 9)
469 2118 478 2169 ;
490 2112 517 2159 et
527 2118 579 2159 non
590 2102 719 2161 debemus
727 2116 835 2160 omnem
848 2115 957 2175 operam
968 2101 1106 2171 adbibere,

312 2206 343 2255 ut
355 2196 457 2269 niiqrrid
466 2195 644 2265 conferamus,
655 2210 690 2253 ne
702 2195 736 2251 ab
746 2195 788 2252 bis
796 2194 950 2252 excidamus
959 2195 1019 2251 ibn
1030 2194 1108 2265 igno·
1139 2194 1142 2235 :

312 2303 358 2345 ras
369 2289 432 2360 qnid
442 2288 514 2345 dicat
524 2286 645 2344 Paulus?
657 2287 704 2359 qui
718 2286 819 2343 multos
828 2286 934 2345 labores
943 2286 1107 2351 exantlavit,
1141 2332 1143 2339 ,

309 2388 340 2439 et
353 2379 508 2437 inrmmeros
519 2378 555 2436 de
568 2379 676 2437 diabolo
691 2379 841 2454 triumphos,
851 2380 1008 2452 reportavit,
1019 2378 1066 2451 qui
1077 2379 1104 2435 in

285 2781 306 2811 gr
315 2764 336 2805 ι’

1161 2115 1255 2156 omnes
1277 2100 1419 2171 participes
1440 2100 1541 2167 simus,
1557 2100 1642 2171 gratia
1661 2110 1688 2158 ιι
1700 2102 1839 2159 elementia
1852 2101 1961 2158 bomini

1161 2191 1245 2248 nostri
1257 2190 1321 2247 iesu
1333 2189 1449 2257 Christi,
1463 2191 1580 2261 cuicum
1593 2190 1671 2247 Patre
1684 2200 1711 2249 ιι
1724 2191 1803 2249 simui
1816 2207 1876 2249 cunt
1891 2190 1959 2263 spt-

1160 2284 1213 2341 ritu
1225 2290 1318 2340 saneto
1327 2282 1423 2355 gloria,
1438 2282 1611 2355 imperinmet
1623 2283 1719 2351 bonor,
1729 2292 1757 2340 ιι
1770 2292 1875 2341 nuncet
1885 2298 1961 2341 aem-

1159 2389 1219 2447 per,
1233 2382 1261 2432 et
1273 2374 1301 2431 in
1314 2374 1411 2431 secula
1423 2374 1594 2433 saeculorum.
1608 2378 1703 2433 nmen.

685 2626 1559 2773 ιιιιιιιιιιιιιιιιιιιιιιιιιιι.

969 2836 1273 2885 ...ῃ-ος...-

622 2965 733 3009 libutus
751 2967 789 3009 tv.

347 3087 373 3142 i.
393 3084 518 3143 Pasiotcs
531 3084 580 3143 iiio
593 3084 759 3160 frequentius
774 3085 876 3143 ducunt
888 3102 962 3157 oves,
976 3086 1019 3145 ubi
1034 3087 1103 3144 den-

299 3172 407 3236 'siorem
420 3177 530 3236 berbnm
540 3194 601 3236 esse
612 3178 714 3249 vident,
727 3194 814 3251 neque
824 3178 899 3251 prius
911 3179 973 3236 inde
982 3180 1102 3251 abigunt,

289 3254 389 3343 ”quam
411 3279 493 3328 totam
518 3286 582 3343 grex
607 3272 762 3326 totonderit.
782 3268 838 3326 iios
857 3285 920 3327 uero
933 3286 983 3328 nos
996 3286 1103 3343 quoque

308 3361 418 3429 imitati,
433 3362 483 3419 ime
495 3371 588 3435 quarta
597 3362 655 3434 jam
670 3362 714 3420 die
725 3362 762 3437 (n)
772 3363 805 3419 nd
818 3364 981 3437 poenitentire
992 3365 1101 3421 modum

310 3452 380 3516 bunc
391 3454 527 3527 pascimus
537 3469 656 3526 gregem,
672 3469 758 3525 neque
771 3455 814 3509 rel
829 3453 918 3523 bodie,
934 3454 1037 3527 digredi
1051 3470 1101 3526 pa-

309 3562 399 3605 ramus
411 3565 418 3603 ι
431 3546 541 3603 muitum
557 3562 673 3617 namque
685 3546 773 3603 adbuc
785 3546 875 3619 pabuli
887 3562 948 3605 esse
966 3545 1089 3605 videmus

306 3638 420 3694 nrultum
435 3624 534 3695 lactitiae
546 3647 573 3696 et
587 3638 718 3695 ιιιιιιιιιιι.

299 3782 303 3790 ,
341 3728 494 3784 Poenitentio
507 3728 677 3784 ornnirnodnnr
691 3731 888 3789 consolationem
901 3730 986 3801 offert.
997 3761 1034 3771 -
1048 3729 1102 3787 Ne·

305 3812 358 3893 que
372 3822 443 3877 enim
461 3820 587 3876 arborum
602 3835 703 3888 comm,
722 3836 782 3895 qum
795 3821 829 3877 ad
843 3821 1004 3879 meridianus
1020 3822 1101 3881 boras

304 3915 367 3971 tecti
380 3913 438 3971 viee
450 3924 512 3969 sunt
522 3913 634 3980 oribus,
647 3914 685 3970 ita
699 3928 746 3970 eas
759 3922 901 3989 recreant,
913 3914 949 3975 ita
961 3914 1101 3976 desidera·

302 4004 385 4065 bilem
404 4005 550 4081 utilemque
571 4005 693 4067 umbram
712 4010 850 4082 prebent,
867 4011 901 4067 nd
925 4026 1102 4085 somnumque

304 4116 399 4171 magua
413 4117 473 4157 cum
487 4102 623 4174 uoluptate
635 4103 802 4174 pertrabunt,
819 4114 849 4163 ut
860 4105 1010 4163 divinarum
1025 4106 1099 4163 Seri·

289 4196 441 4263 'pturarum
455 4194 536 4250 lectio
551 4204 696 4253 moerentos
717 4206 745 4253 et
762 4213 861 4271 angore
875 4198 956 4255 animi
978 4200 1100 4257 detentas

302 4284 406 4341 animas
420 4295 524 4344 recreat
544 4302 577 4345 ac
597 4286 753 4361 refrigerat,
771 4290 834 4348 dum
848 4292 1043 4351 vehementiam
1057 4309 1101 4351 ar·

302 4372 451 4449 doremque
464 4374 566 4434 doloris
587 4378 669 4449 lenit,
683 4380 862 4455 solatiumque
874 4384 993 4455 qualibet
1005 4385 1099 4442 umbra

301 4465 605 4541 suariusamoeninsque
624 4472 753 4545 impertit.
768 4472 860 4545 Neque
880 4474 953 4531 enim
966 4474 1052 4530 solum
1071 4476 1098 4531 in

301 4560 474 4629 pecuniarum
484 4562 606 4633 lactina,
620 4574 665 4623 aut
677 4567 704 4623 in
718 4566 862 4625 liberorum
877 4567 1039 4638 amissione,
1053 4579 1099 4626 aut

301 4652 329 4709 in
342 4652 402 4709 nilis
414 4654 563 4726 similibus,
576 4658 624 4716 sed
637 4659 717 4716 etiam
732 4662 759 4717 ιι
772 4670 946 4735 peecatorum
957 4662 1097 4719 ιιιιιιιιι-

300 4745 372 4801 tibus
386 4761 510 4818 magnam
533 4749 579 4806 ilia
600 4751 679 4809 nobis
696 4752 774 4811 affert
792 4756 1015 4813 consolationem.
1027 4755 1096 4813 Cum

297 4837 370 4893 enim
383 4838 463 4896 bomo
473 4851 584 4911 peccato
597 4844 760 4919 interceptus
775 4856 803 4903 ιι
814 4847 1013 4905 circumventus
1023 4849 1096 4905 ceci·

292 4926 352 4997 tiit,
373 4940 519 5004 posteaque
540 4934 678 4992 mordetur
696 4952 712 4993 a
731 4939 916 5008 conscientia,
938 4940 1096 5012 peccatique

295 5024 404 5108 assidue
422 5042 539 5096 memor,
562 5043 623 5086 sese
644 5032 770 5091 moeroris
788 5033 972 5106 magnitudine
994 5033 1094 5102 obruit,

294 5127 397 5187 perque
407 5118 528 5190 singulos
538 5119 596 5177 dies
606 5120 760 5181 incenditur
773 5143 780 5182 :
794 5125 996 5199 innumerisque
1006 5126 1094 5199 ipsum

293 5206 514 5279 consolantibus,
529 5211 552 5267 si
565 5212 779 5293 consolationem
800 5232 853 5275 non
872 5217 1032 5286 admiserit,
1048 5217 1092 5275 in·

292 5316 403 5387 gressus
425 5303 452 5358 in
477 5304 634 5374 ecclesiam,
656 5316 797 5381 postquam
819 5311 922 5369 audivit
939 5321 1093 5369 sanctorum

293 5390 424 5460 plurimos
436 5382 699 5469 lapsos'surrexisse,
712 5408 793 5474 atque
802 5402 835 5459 ad
851 5395 968 5476 priorem
979 5404 1094 5461 rediisse
1135 5458 1138 5467 ,

293 5482 463 5555 dignitatem,
477 5486 547 5544 elam
569 5490 655 5547 multo
674 5491 771 5549 solatio
783 5493 878 5565 plenus
898 5494 1045 5566 egreditur.
1059 5495 1093 5550 ιιι

292 5575 338 5645 qui
361 5577 387 5631 in
409 5578 534 5636 immines
555 5580 714 5656 pierumque
737 5600 894 5656 peccamus,
914 5602 950 5643 ne
971 5586 1092 5643 revelare

290 5666 400 5737 quidem
412 5680 551 5741 peecatum
559 5675 690 5735 eudemus
698 5678 801 5751 pudore
809 5680 961 5752 roboreque
971 5680 1090 5750 detenti;

321 5824 359 5891 (u)
371 5825 430 5878 vide
440 5828 561 5885 innontto
572 5834 733 5899 peredeum

1139 2962 1141 2967 ·
1155 2954 1263 3027 quodsi
1277 2958 1446 3027 revelemus,
1465 2957 1532 3016 nihii
1544 2966 1647 3016 tantum
1668 2960 1877 3033 consequimur:
1893 2974 1959 3019 eum

1156 3055 1246 3104 autem
1258 3048 1328 3105 bens
1340 3050 1507 3116 exhortatur,
1522 3065 1623 3124 corque
1634 3060 1756 3109 nostrum
1768 3052 1862 3124 tangit,
1875 3062 1953 3108 ιιιι-

1156 3140 1215 3197 ιιιι
1228 3140 1315 3197 omnis
1330 3142 1435 3199 tristitia
1449 3144 1540 3199 statim
1559 3142 1674 3216 fugatur.
1687 3143 1751 3203 ideo
1763 3145 1897 3217 justorum
1914 3145 1959 3202 ia-

1157 3246 1221 3303 psus
1234 3232 1312 3290 nobis
1326 3236 1473 3307 conscripti
1487 3244 1551 3292 sunt
1566 3254 1574 3292 a
1587 3251 1640 3308 quo
1661 3244 1689 3293 et
1707 3237 1753 3309 qui
1777 3245 1851 3294 recte
1868 3237 1959 3308 etqui

1157 3322 1280 3394 improbe
1292 3325 1386 3382 uiuunt
1401 3325 1463 3384 bine
1482 3329 1596 3384 maxime
1614 3328 1792 3386 lucrifaciant.
1807 3328 1872 3385 liam
1889 3344 1961 3400 pec·

1155 3424 1230 3471 rator
1246 3418 1271 3471 ιι
1286 3416 1500 3488 desperationem
1527 3434 1579 3475 non
1595 3418 1661 3487 abit,
1686 3434 1747 3477 eum
1775 3416 1849 3475 videt
1870 3420 1960 3477 nlinm

1155 3508 1269 3579 lapsum,
1282 3511 1327 3581 qui
1343 3525 1484 3583 resurgere
1498 3513 1602 3581 potuit;
1618 3512 1662 3585 qni
1682 3524 1748 3568 tero
1758 3511 1890 3583 justitiam
1905 3525 1960 3571 ce·

1155 3692 1280 3749 meliores
1304 3694 1394 3768 lapsos
1413 3694 1528 3768 viderit,
1543 3700 1649 3761 iliorum
1664 3716 1727 3758 casu
1741 3698 1825 3757 fractus
1838 3700 1959 3768 cantior,

1154 3789 1402 3863 settvpersoliicitus
1415 3794 1477 3862 erit,
1497 3795 1635 3867 multaque
1650 3811 1680 3852 se
1694 3796 1818 3853 ιιιιιιοιι
1836 3796 1959 3853 muniet.

1154 3878 1199 3937 Sic
1212 3880 1300 3957 itaque
1315 3885 1355 3953 is,
1370 3887 1414 3957 qni
1429 3887 1555 3943 virtutem
1571 3888 1654 3959 colit,
1671 3888 1812 3959 persistet;
1828 3898 1962 3960 peccator

1155 3988 1219 4029 vero
1234 3989 1248 4029 ι
1264 3974 1453 4047 desperatione
1468 3976 1645 4037 liberabitur:
1660 3978 1704 4036 iiie
1724 3978 1836 4035 tirmiter
1850 3978 1958 4049 stabit,

1154 4066 1198 4123 irie
1213 4067 1238 4122 in
1255 4069 1381 4139 priorem,
1396 4086 1411 4125 ι
1426 4086 1480 4143 quo
1494 4070 1606 4140 excidit,
1630 4082 1729 4129 statum
1744 4074 1886 4129 confestim
1908 4088 1961 4129 re-

1152 4166 1282 4217 vertetur.
1297 4160 1363 4219 Nam
1378 4178 1438 4220 evim
1455 4164 1536 4237 bomo
1551 4164 1682 4238 quispiam
1698 4180 1748 4225 nos
1759 4176 1870 4223 moestos
1883 4181 1957 4223 eon·

1152 4250 1263 4319 solatur,
1279 4254 1385 4311 etiamsi
1398 4254 1431 4311 ad
1445 4256 1580 4312 modicum
1596 4264 1703 4329 tempus
1716 4256 1778 4329 quid
1798 4257 1886 4313 solatii
1903 4257 1960 4314 lta·

1152 4340 1218 4399 bere
1232 4343 1378 4413 videamur,
1395 4346 1420 4403 ιι
1436 4347 1559 4404 earttdem
1583 4358 1672 4405 tamen
1696 4362 1789 4405 rursus
1814 4348 1960 4405 tristitiem

1151 4430 1317 4503 delabimnr3
1333 4450 1394 4493 eum
1408 4452 1474 4495 aero
1495 4438 1566 4495 lieus
1589 4454 1637 4512 per
1660 4441 1727 4497 alios
1749 4440 1883 4507 bortatur,
1905 4442 1961 4512 qui

1150 4535 1212 4597 post
1227 4538 1364 4599 peecatum
1380 4533 1574 4604 resipiscentes
1592 4534 1706 4613 salutern
1732 4544 1958 4608 consequuntur,

1151 4634 1226 4675 suam
1243 4622 1320 4679 nobis
1334 4624 1481 4682 bonitatem
1503 4625 1673 4683 manifestam
1696 4625 1776 4695 facit,
1793 4618 1828 4683 ιι
1841 4628 1960 4699 propria

1150 4713 1185 4771 de
1198 4714 1283 4772 salute
1297 4716 1460 4787 dubitemus,
1477 4720 1583 4775 firmam
1594 4706 1749 4793 certamque
1768 4719 1838 4776 nacti
1852 4734 1961 4778 conso-

1149 4806 1287 4865 lationem.
1301 4808 1532 4878 Quemadmodum
1546 4812 1626 4885 igitur
1639 4813 1666 4869 in
1685 4819 1859 4886 peecatorum
1878 4815 1960 4873 easi-

1148 4898 1210 4970 bus,
1226 4902 1265 4958 sie
1280 4902 1361 4959 etiam
1375 4904 1402 4961 in
1417 4906 1544 4977 perieulis
1557 4907 1784 4978 contingentibus,
1801 4922 1944 4981 congruerr

1148 5002 1202 5049 tem
1234 4996 1409 5053 moerentibus
1445 4996 1577 5055 medelam
1601 5007 1718 5057 'veteres
1747 4984 1960 5072 Scriptus-arum

1147 5082 1268 5142 historiae
1282 5088 1400 5145 animum
1414 5088 1541 5147 adbibere
1560 5090 1711 5150 nolentibus
1722 5093 1931 5150 subministrant
1948 5113 1958 5151 :

1147 5191 1178 5233 ae
1191 5178 1247 5235 sive
1268 5178 1422 5238 facultatum
1445 5182 1609 5255 publicatio,
1636 5186 1694 5243 sire
1720 5186 1957 5259 sycophantarum

1147 5273 1283 5342 molestia,
1300 5274 1356 5332 sive
1370 5290 1503 5346 carceres,
1519 5278 1575 5335 sive
1590 5278 1704 5351 flagella,
1718 5279 1776 5337 siro
1787 5279 1859 5335 aliud
1870 5278 1960 5351 quid-

1147 5366 1218 5437 pinm
1229 5366 1293 5423 mali
1307 5382 1356 5424 nos
1371 5368 1522 5439 intercipiet
1537 5386 1544 5425 :
1560 5370 1593 5439 ad
1603 5369 1691 5441 iustos
1704 5356 1887 5443 respicientes,
1901 5370 1958 5440 qui

1145 5449 1238 5515 endem
1254 5458 1311 5529 ipsa
1324 5460 1395 5531 passi
1410 5469 1473 5517 sum
1484 5474 1516 5517 ιι
1529 5460 1689 5529 toleravere,
1707 5460 1741 5517 ad
1765 5460 1958 5533 nosmetipsos

1145 5551 1234 5606 statim
1245 5550 1333 5607 redire
1347 5552 1504 5623 poterimus.
1515 5551 1543 5608 ln
1558 5552 1817 5626 corporeisnnmque
1831 5551 1957 5619 morbis,
2019 5544 2023 5554 '

1145 5644 1169 5699 xi
1184 5660 1254 5716 aeger
1267 5644 1335 5701 aiios
1350 5653 1465 5716 :egrotos
1476 5632 1610 5719 respiciat,
1627 5662 1705 5705 mrum
1718 5656 1797 5720 auget
1808 5644 1958 5715 morbum,

1145 5736 1307 5809 quandoque
1330 5736 1412 5794 etiam
1428 5752 1519 5811 -quam
1543 5754 1596 5796 non
1622 5738 1737 5797 babebat
1761 5738 1958 5797 infirmitatem

1027 5822 1032 5829 ’
1066 5876 1080 5905 ,,
1144 5827 1432 5905 contraititzexempli
1442 5844 1523 5889 eausa
1538 5844 1619 5904 ,eum
1641 5824 1763 5901 nonnulii
1776 5828 1960 5892 alimentis
