4142 6342
223 324 315 423 ’,ιιι

265 469 323 525 Etsi
336 462 432 536 aiiqrdd
444 459 514 533 qttod
527 465 618 525 orgen
627 454 663 507 sit
677 449 818 521 agendum,
829 460 881 500 non
892 438 1056 513 pmtideodi,

266 542 322 618 noo
333 551 531 615 administamdi
545 547 695 602 facultatem
707 541 808 601 habere
819 533 1036 607 deprehendetur
1051 547 1057 585 ι

268 651 385 707 inimicis
405 625 527 700 ornuihus
547 646 625 710 captu
648 633 745 696 tacitis,
772 628 865 685 anricis
886 625 1010 682 omnihus
1034 629 1062 675 et

269 736 424 812 propinquis
450 731 559 787 inutilis.
585 727 677 796 Neque
697 722 794 801 *solunt
830 719 858 773 in
880 713 1008 788 perieulis
1035 721 1062 765 et

268 825 464 884 calamitatibus
494 818 574 874 facile
590 816 727 894 'damnum
758 809 887 881 accipiet,
919 818 1005 874 neque
1034 801 1062 855 in

243 904 352 976 ‘rebus
376 915 479 987 pacatis
512 920 540 967 ot
571 905 719 978 tranquillis
756 909 858 957 tantum
888 891 1064 952 intolerabilis

271 1014 324 1069 erit
337 1030 345 1078 ;
360 1009 408 1066 sed
429 1009 510 1064 etiam
524 1005 550 1059 iu
572 993 653 1058 rebus
678 997 792 1068 asperis,
817 992 853 1048 ob
869 984 1065 1074 moderationis

272 1105 428 1176 peutuiam,
452 1100 484 1153 ad
499 1096 601 1166 singula
615 1107 674 1164 quae
686 1089 807 1146 accident
820 1083 920 1139 inutilis
930 1080 990 1136 erit⁴
1010 1075 1067 1130 lllic

273 1196 358 1260 eninr,
372 1193 397 1247 in
413 1188 539 1246 errtmnis
553 1185 628 1247 diem
642 1180 763 1252 ignaria,
777 1171 960 1233 imbecillitas,
980 1174 1068 1221 metus

275 1287 387 1358 iugens,
411 1279 515 1336 ctrtrsilii
538 1273 648 1344 penuria
668 1265 809 1338 occupabit
831 1263 924 1327 illum;
948 1258 1069 1312 hlcrero

275 1374 404 1441 arrdacia,
418 1370 539 1426 socordia
549 1409 557 1435 ,
569 1364 695 1426 iascivia,
715 1354 918 1416 immoderatio,
934 1347 1068 1419 superbia,

277 1464 429 1537 arrogantia
443 1462 527 1532 magis
541 1473 620 1528 (paam
642 1451 780 1522 superiora
802 1442 994 1501 intractabilem
1008 1435 1071 1504 lacit

281 1558 415 1616 omnibns.
437 1553 530 1621 Neque
544 1548 615 1603 euim
630 1538 783 1612 hujusmodi
803 1534 939 1590 hominum
958 1537 1072 1598 corpora

282 1659 384 1703 tamum
399 1641 528 1699 deformia
540 1645 612 1702 sunt,
626 1633 726 1696 mollia,
741 1624 896 1688 diffluentia,
910 1630 978 1676 tetro
990 1616 1073 1673 odore

280 1739 396 1806 midique
410 1733 489 1805 plena
508 1728 679 1794 eliciuntur;
701 1718 841 1776 sedetiam
856 1714 943 1769 anima
960 1719 1074 1778 corpore

281 1830 361 1898 louge
373 1823 518 1880 ‹ldrrmrior
529 1827 588 1883 est,
603 1813 767 1884 nlaioribus,
781 1823 859 1880 quam
875 1802 958 1868 illud,
973 1798 1074 1855 morbis

281 1935 315 1974 ea
330 1915 435 1971 deliciis
455 1898 558 1965 allecta.
583 1898 811 1974 Quemadmodum
825 1897 895 1951 enim
910 1903 1009 1961 corpus
1021 1901 1075 1943 non

282 2013 452 2065 excrementa
471 1999 551 2056 modo
573 1993 702 2051 naturalia
721 1989 835 2054 emittit,
857 1983 905 2040 sed
925 1983 1006 2036 etiam
1024 1976 1076 2032 alia

285 2096 358 2153 omni
369 2111 401 2150 er
412 2101 488 2166 pame
499 2089 608 2144 uberius
620 2080 755 2156 profundit
767 2097 774 2134 ε
785 2072 885 2132 etenim
895 2072 975 2135 ocuh,
987 2081 1076 2132 nares,

283 2201 314 2246 et
326 2203 390 2254 ora,
405 2173 468 2242 dum
483 2183 610 2238 interiora
625 2179 675 2232 hac
687 2173 847 2231 abundantia
862 2173 1014 2239 gravantur,
1029 2163 1077 2216 hu·

198 2262 201 2266 Δ
286 2296 362 2336 utare
375 2260 520 2333 'teterrimo
543 2283 571 2326 ct
593 2267 763 2337 corruptione
787 2261 950 2330 implentur,
971 2263 998 2310 et
1021 2253 1078 2321 ipsa

286 2371 377 2428 carinis
391 2376 483 2423 aratura
500 2362 606 2418 mollior
619 2358 712 2414 edecta
724 2369 803 2426 quam
817 2366 867 2424 pro
881 2346 993 2404 naturali
1008 2355 1078 2398 tem-

285 2469 457 2534 peramento,
481 2454 555 2528 quasi
582 2465 662 2508 curro
682 2457 709 2502 et
732 2447 832 2515 impura
857 2440 947 2495 illurie
969 2437 1077 2500 relerta,

285 2550 376 2622 putida
390 2548 470 2604 siruul
482 2555 517 2600 ·et
536 2545 608 2597 iners
620 2538 750 2602 edicitur,
770 2543 849 2604 atque
869 2531 902 2585 ad
920 2541 1000 2584 unsre
1013 2541 1080 2596 opus

288 2643 389 2698 bonum
413 2639 511 2707 inepta.
535 2633 601 2688 llam
620 2638 649 2684 et
670 2630 725 2700 ipsa
741 2635 833 2690 terra,
853 2637 914 2676 cum
937 2619 981 2673 tali
1003 2616 1080 2686 copia

286 2736 415 2803 oppressa
428 2724 565 2798 proprium
577 2722 749 2788 innatamque
758 2715 873 2770 calorem
885 2709 991 2772 amittit,
1004 2720 1080 2762 suam

287 2824 351 2879 item
364 2822 418 2877 uim
434 2818 539 2890 perdit,
554 2829 586 2870 ac
608 2825 694 2881 neque
714 2807 747 2862 ad
768 2806 918 2868 culturam,
940 2813 1028 2870 nisque
1047 2796 1087 2851 ad-

288 2913 454 2970 lcrtilitatem
469 2921 545 2963 suam
557 2911 601 2961 est
614 2902 720 2958 idonea.
735 2898 802 2952 lliuc
815 2905 904 2949 autem
919 2891 1043 2962 grauibus
1055 2895 1082 2941 et

288 2999 482 3058 insanabilibus
496 2995 597 3052 morbis
617 2990 796 3060 corripiuntur
809 2986 847 3051 ii,
869 2983 914 3054 qui
934 2980 961 3036 in
979 2979 1082 3035 ‹tettctts

289 3101 420 3164 perpetuo
432 3089 524 3143 uiuunt
537 3102 545 3138 z
560 3080 730 3142 tremoribus,
744 3076 885 3140 solutione,
901 3073 974 3139 tabe,
988 3070 1083 3140 capitis

290 3197 412 3246 mtteore,
426 3178 523 3250 pedum
539 3186 717 3242 titaneumque
730 3168 877 3232 doloribus,
892 3163 1005 3233 aliisque
1016 3161 1083 3216 mul-

291 3274 341 3339 tis,
364 3285 431 3342 quos
452 3266 548 3323 uredici
571 3269 740 3327 meruerant,
764 3257 871 3314 obnoxii
894 3255 968 3309 flttnt.
988 3252 1083 3321 ltaque

289 3363 394 3421 etiamsi
405 3376 458 3416 raon
468 3358 600 3430 gehenna,
614 3370 666 3409 non
679 3367 768 3422 poerta,
780 3363 867 3419 neque
880 3356 998 3402 extrema
1008 3343 1085 3399 dam-

291 3458 364 3513 natio
378 3471 393 3510 a
408 3455 465 3510 lieo
478 3460 568 3514 esset,
589 3463 674 3519 neque
687 3447 720 3502 ab
736 3444 887 3498 hominibus
900 3440 1083 3511 reprehensio,

295 3543 477 3615 nonsumphts
488 3540 642 3612 importuni,
651 3554 737 3609 mque
746 3537 798 3589 aiia
811 3530 1084 3588 intrrrmeraadeliciis

290 3648 400 3703 morta,
415 3636 518 3705 hocque
536 3633 623 3688 solum
644 3629 759 3693 adesset,
781 3618 874 3680 anuon'
890 3623 954 3680 satis
967 3631 1038 3681 essct
1050 3621 1084 3675 ad

291 3743 387 3784 orrtnes
398 3723 577 3781 auertendos?
596 3719 751 3791 huiusmodi
764 3731 880 3787 namque
898 3730 997 3771 thensas
1009 3729 1083 3769 mor·

291 3819 377 3875 niteris
392 3816 542 3888 potionibus
555 3813 639 3868 nihilo
652 3812 777 3865 meliores
788 3820 850 3864 sunt
861 3809 938 3874 rimo
951 3809 1047 3872 etiam,
1062 3806 1084 3861 si

291 3926 355 3967 rere
376 3906 517 3964 dicendum
542 3905 596 3970 sit,
619 3903 697 3971 longe
717 3900 874 3956 ‹leteriores
897 3899 949 3954 llhe
971 3912 1085 3967 namque

290 4013 439 4062 strnreutem
453 4000 595 4060 ottnlestim
609 3997 642 4051 de
655 3995 743 4050 untedio
758 3996 868 4059 tollunt,
882 3993 956 4048 etad
972 4003 1084 4046 mortem

292 4099 351 4154 sine
364 4097 483 4152 cruciatu
502 4093 647 4154 deducunt,
668 4097 697 4142 ut
710 4103 744 4142 ne
756 4087 790 4142 de
810 4085 860 4141 hac
872 4085 979 4157 quidem
994 4102 1023 4139 rc
1035 4085 1085 4139 do·

292 4191 345 4244 leat
369 4191 393 4242 is
414 4186 459 4256 qui
482 4184 593 4238 moritur
614 4199 620 4232 :
641 4179 745 4234 deliciae
765 4194 829 4233 vero
848 4178 929 4231 ritant
953 4176 1086 4232 sexcentis

212 4284 215 4288 “
294 4278 425 4334 mortibus
437 4273 587 4345 gratiorem
608 4268 737 4324 inducunt
756 4268 800 4334 iis,
820 4271 864 4339 qui
887 4268 957 4337 ipsas
979 4265 1086 4336 plurimi

293 4371 413 4433 laciuot3
426 4367 524 4430 dmm,
538 4365 655 4433 inquam,
669 4376 723 4414 non
738 4359 818 4414 trrodo
834 4357 1021 4421 miserabilem,
1038 4356 1087 4412 sed

296 4463 377 4518 etiarn
390 4467 494 4528 turpem
507 4465 535 4509 et
550 4452 698 4515 ridiculam.
714 4451 765 4505 Alii
776 4449 874 4520 quippe
888 4448 972 4503 morbi
988 4448 1087 4504 rtrultos

293 4557 321 4612 la
335 4562 438 4626 portem
450 4547 553 4604 doloris
562 4546 705 4610 advocant,
725 4549 855 4613 quotquot
873 4548 962 4596 autem
973 4556 1005 4596 ex
1017 4540 1086 4596 deli-

292 4648 342 4703 ciis
361 4654 388 4700 et
406 4642 535 4699 ebrietate
555 4638 693 4702 oriantur,
707 4641 880 4703 spectatores,
895 4631 1049 4701 nequidem
1064 4631 1087 4687 si
1115 4653 1119 4662 ·

293 4737 386 4801 velim,
401 4735 493 4790 sinunt
504 4728 626 4785 misereri
639 4741 745 4791 eorum,
757 4725 805 4794 qui¹
817 4723 967 4793 huiusmodi
979 4723 1088 4794 agritu-

294 4825 439 4896 dineottpti
453 4833 536 4885 suot;
560 4818 608 4880 sed
628 4815 780 4888 magnitudo
800 4812 862 4868 mali
884 4814 918 4869 ad
938 4813 1089 4869 misericor·

293 4923 365 4976 diam
380 4915 502 4977 inflectit,
516 4911 604 4968 morbi
616 4917 707 4964 autent
722 4906 837 4969 occasio,
854 4907 875 4961 si
889 4913 951 4959 truta
963 4905 1008 4969 sit,
1022 4903 1089 4959 iudi·

293 5009 447 5082 guationem
462 5012 562 5059 moret.
585 4999 715 5068 Quoniam
735 4997 843 5068 arrcipiti
857 4995 972 5066 quodam
992 4996 1089 5052 affectu

295 5113 435 5166 tenemur,
449 5110 501 5152 nec
519 5093 678 5148 miseramur
689 5104 761 5144 eos:
782 5088 808 5142 id
827 5090 898 5144 enim
911 5097 983 5143 uetat
1003 5089 1090 5144 morbi

295 5206 398 5257 eausa3
412 5201 500 5258 neque
513 5183 652 5239 irascimur
668 5198 674 5234 :
692 5179 718 5236 id
733 5180 804 5234 enim
817 5195 871 5234 non
887 5179 1017 5249 permittit
1031 5195 1089 5234 ma·

296 5280 408 5354 guitudo
428 5277 492 5333 mali
504 5292 512 5342 ;
526 5273 582 5329 ,sed
604 5273 673 5327 iuter
694 5270 930 5342 reprehensionem
945 5269 1090 5325 streniam

298 5373 483 5430 consistimus.
507 5366 598 5438 Neque
616 5365 687 5420 enim
708 5379 723 5416 a
744 5373 838 5418 natura
851 5363 1003 5418 cruciantur
1022 5362 1092 5417 sicut

297 5465 356 5530 ilii,
372 5471 460 5534 neque
478 5460 616 5516 hominum
629 5456 738 5511 'insidiis
758 5463 934 5525 appetuntur,
949 5470 1039 5509 varum
1055 5453 1091 5508 illi

298 5554 350 5626 i'psi
364 5564 486 5609 auctores
498 5551 550 5606 sibi
564 5551 657 5602 harum
669 5546 855 5618 egritudinum
869 5553 941 5610 suot,
957 5554 985 5600 et
995 5552 1091 5611 sponte

298 5661 329 5703 se
350 5647 377 5702 iu
398 5645 532 5700 malorum
544 5640 699 5698 barathrum
715 5637 890 5710 praecipitant.
913 5637 1092 5705 Quemadmo-

302 5739 366 5796 dum
380 5737 460 5808 igitur
472 5747 537 5801 eos,
556 5733 601 5804 qui
622 5732 731 5802 laqueos
747 5730 797 5786 sihi
810 5739 920 5800 purant,
936 5741 963 5785 et
983 5731 1087 5800 eosqui

574 359 577 364 ·
632 339 660 393 S.
680 331 819 390 thahuts
836 323 1075 384 ehhtsoswttt
1090 321 1247 379 attettttih.
1260 317 1527 377 cuttstshttttun.

1849 311 1902 368 tlt

1113 455 1142 493 se
1154 454 1202 508 per
1215 437 1358 508 praetnttta
1367 435 1522 506 conjiciunt,
1535 443 1562 488 ct
1572 429 1617 504 qui
1629 445 1677 500 per
1689 429 1792 486 medios
1800 428 1903 502 gladios

1114 529 1164 584 sibi
1178 530 1258 584 vitam
1273 529 1398 598 eripiunt,
1415 528 1455 582 sic
1466 526 1516 581 hos
1528 541 1581 580 non
1597 524 1708 579 multum
1721 523 1902 579 miseramur:
1924 588 1929 600 Ι

1115 623 1169 676 imo
1180 622 1201 677 si
1213 621 1287 674 uenia
1301 619 1387 674 danda
1405 618 1457 684 sit,
1477 617 1531 672 illis
1552 616 1640 686 potins
1659 629 1738 685 quam
1760 611 1818 668 istis
1830 612 1905 668 dahi-

1116 728 1184 776 mus‚
1201 713 1304 768 etiamsi
1321 711 1358 766 illi
1372 710 1472 767 nullam
1483 710 1587 766 reniam
1602 718 1764 764 mereantur.
1782 707 1821 760 llli
1833 709 1904 761 enim

1116 805 1157 859 uel
1171 801 1330 867 caltrnrniis,
1344 802 1387 856 rel
1408 800 1578 870 pecuniarum
1592 798 1715 863 mulctis,
1738 803 1784 850 aut
1798 795 1906 866 periculi

1118 895 1288 966 plagarumre
1303 903 1391 960 metu,
1406 891 1515 946 aetalia
1529 886 1652 962 quapiam
1667 886 1822 954 formidine,
1837 896 1908 940 utre

1118 985 1264 1054 majoribus
1279 983 1355 1038 maiis
1369 982 1504 1048 eximant,
1523 980 1558 1036 ad·
1569 979 1661 1036 mortis
1677 978 1800 1034 solatium
1814 977 1908 1032 conlu—
1925 997 1931 1010 ·

1119 1079 1211 1150 ginnt,
1225 1077 1258 1132 ad
1277 1078 1430 1146 obitumque
1443 1090 1493 1130 ceu
1513 1071 1547 1128 ad
1568 1072 1671 1144 asylum
1689 1071 1842 1133 decurrunt,
1867 1083 1905 1123 re.

1121 1169 1197 1240 quasi
1218 1169 1251 1223 ad
1274 1167 1443 1237 tranquillum
1464 1175 1568 1236 portum
1590 1165 1729 1233 ingruente
1753 1161 1935 1230 tempestates¹

1122 1275 1183 1316 sesa
1195 1275 1257 1315 cum
1282 1257 1449 1313 festinatione
1471 1257 1602 1326 recipiunt
1619 1274 1626 1311 :
1643 1253 1668 1308 hi
1683 1267 1746 1309 uero
1764 1267 1825 1308 curn
1845 1249 1912 1306 nihil

1123 1351 1175 1406 tale
1186 1339 1353 1426 pretendere
1367 1348 1479 1418 possint,
1493 1347 1554 1402 vite
1566 1329 1698 1401 sexcentis
1710 1328 1833 1399 violentis
1845 1356 1913 1397 mon

1126 1441 1196 1498 tibus
1207 1441 1322 1512 graviori
1347 1455 1407 1496 sese
1427 1441 1601 1494 tradiderunt.
1622 1438 1680 1493 laur
1700 1436 1744 1492 hie
1765 1444 1915 1506 opportune

1126 1538 1360 1590 commemoretur¹
1371 1530 1433 1586 illud
1456 1531 1604 1600 sapientis:
1623 1528 1685 1593 Quis
1699 1525 1854 1582 admoditar
1871 1527 1914 1578 ia·

1126 1623 1281 1687 conmorit,
1295 1609 1317 1676 ti
1331 1639 1347 1676 a
1360 1631 1474 1692 serpente
1487 1621 1495 1654 ¹
1511 1620 1674 1684 mordeatur,
1688 1627 1712 1672 et
1726 1617 1855 1685 omnium,
1871 1615 1917 1689 qui

1126 1733 1154 1771 ae
1166 1716 1226 1787 seris
1245 1715 1377 1768 odotooeut
1400 1711 1499 1785 (idacii.
1515 1713 1558 1766 ti.
1574 1711 1650 1782 tait
1671 1710 1738 1767 Fere
1760 1711 1832 1765 enim
1855 1715 1916 1763 sunt

1128 1807 1250 1874 delicie,
1265 1805 1319 1860 iera
1334 1805 1421 1875 grauis
1436 1814 1463 1858 et
1478 1804 1667 1865 intractabilis:
1690 1815 1776 1871 neque
1792 1799 1918 1869 scorpius

1128 1906 1175 1955 aut
1187 1913 1297 1968 serpens
1308 1882 1454 1952 visceribus
1466 1896 1565 1950 austris
1578 1897 1682 1948 herens
1694 1892 1729 1945 ita
1744 1891 1919 1960 undequaque

1128 1989 1260 2057 devastat,
1274 1999 1302 2043 ut
1314 1987 1466 2043 deliciarum
1480 1985 1610 2055 cupidius
1627 1982 1715 2038 omnia
1731 1981 1826 2036 evertit
1837 1987 1920 2048 atque

1130 2080 1271 2138 consumit.
1286 2079 1361 2135 Fere
1371 2094 1485 2149 natoque
1497 2078 1549 2131 iliae
1559 2076 1664 2145 corpori
1678 2083 1778 2130 tautum
1792 2071 1921 2127 insidian-

1132 2183 1195 2230 tur:
1211 2173 1269 2228 haec
1282 2182 1373 2227 autem
1387 2170 1429 2225 ubi
1443 2171 1521 2224 sedes
1534 2168 1662 2238 posuerit,
1681 2174 1707 2220 et
1717 2179 1815 2234 corpus
1824 2173 1852 2219 et
1863 2164 1921 2219 aui·

1132 2281 1201 2320 maro
1221 2263 1385 2335 pessumdat.
1408 2259 1585 2329 Quamobrem
1607 2259 1738 2331 fugiamus
1758 2256 1793 2310 ah
1812 2256 1875 2321 illa,
1892 2265 1922 2309 ut

1133 2356 1307 2428 prudentibus
1320 2357 1424 2426 loquor.
1446 2353 1474 2409 Si
1486 2352 1549 2424 quid
1563 2352 1607 2408 iiia
1627 2351 1722 2406 habeat
1736 2349 1873 2412 utilitatis,
1888 2364 1923 2402 na

1134 2450 1190 2505 hsce
1207 2449 1275 2505 dicta
1291 2448 1473 2519 perieramus,
1496 2463 1529 2501 ne
1548 2445 1780 2515 obtemperemus;
1806 2443 1847 2496 siu
1860 2455 1924 2497 vera

1133 2549 1197 2596 sunt
1220 2555 1279 2610 quac
1300 2539 1441 2606 dicuntur,
1463 2531 1490 2593 et
1511 2535 1569 2592 hec
1587 2537 1621 2590 sit
1638 2534 1757 2589 omnium
1781 2532 1923 2604 pernicies,

1134 2648 1231 2702 rosque
1243 2634 1362 2686 orrtnium
1384 2630 1587 2694 ridiculissima,
1599 2627 1675 2682 vobis
1688 2627 1751 2696 ipsis
1765 2635 1792 2680 et
1804 2626 1926 2694 eorporis

1135 2723 1281 2780 ualetudini
1296 2725 1445 2793 animaeque
1458 2721 1563 2776 sanitati
1576 2727 1687 2790 parente.
1704 2722 1763 2773 lion
1775 2727 1835 2771 mco
1848 2727 1877 2770 nt
1889 2729 1925 2772 au

1133 2818 1220 2872 rictus
1241 2815 1409 2886 asperitatem
1425 2822 1452 2868 te
1472 2812 1613 2878 conseras,
1638 2809 1687 2866 uisi
1710 2811 1767 2880 ipse
1789 2807 1925 2863 volucris:

1135 2907 1267 2979 superdea
1294 2921 1462 2975 resecemus,
1488 2919 1540 2959 non
1565 2897 1714 2959 r'recessaria
1740 2899 1925 2970 praecidamus.

1135 3002 1193 3070 Qua
1204 3001 1279 3056 renis
1291 2997 1363 3069 digni
1379 3000 1487 3063 crimus,
1503 2995 1609 3066 quando
1623 2994 1668 3048 alii
1682 3008 1715 3048 ne
1727 2992 1806 3048 rebus
1818 2989 1927 3061 quidem

1136 3093 1294 3149 necessariis
1306 3091 1437 3155 fruuntur,
1457 3089 1518 3144 licet
1532 3089 1557 3142 in
1571 3101 1662 3140 eorum
1676 3086 1711 3139 sit
1723 3091 1863 3155 potestate,
1878 3095 1928 3136 uos

1137 3200 1202 3240 uero
1215 3183 1365 3240 necessaria
1382 3181 1461 3252 longe
1478 3176 1729 3249 praetergredimur?
1747 3173 1830 3228 Nobis
1844 3171 1928 3226 rictus

1138 3275 1267 3332 terminus
1278 3274 1312 3328 sit
1322 3272 1392 3342 quod
1407 3288 1458 3326 ιιοιι
1472 3270 1561 3336 hedai,
1572 3269 1641 3338 quod
1653 3266 1750 3324 lumem
1762 3266 1819 3320 siue
1829 3265 1929 3318 dautuo

1138 3367 1291 3438 propulset,
1318 3365 1428 3420 ulterius
1443 3378 1507 3418 vero
1529 3362 1593 3416 nihil
1615 3360 1810 3429 requiramus:
1833 3357 1887 3410 imo
1904 3355 1928 3408 si

1136 3460 1207 3533 qnod
1230 3459 1352 3515 mirabile
1372 3457 1444 3512 dictu
1465 3466 1492 3511 et
1505 3467 1601 3526 prator
1617 3454 1685 3523 rrrlgi
1700 3453 1853 3522 opinionem
1866 3489 1874 3516 ,
1888 3457 1930 3504 est

1139 3562 1228 3608 tuanen
1240 3565 1350 3615 vertum,
1371 3551 1494 3620 prolerre
1513 3547 1591 3604 liceat
1605 3565 1612 3600 ε
1626 3548 1648 3601 si
1668 3546 1829 3616 voluptatem
1848 3543 1928 3600 ctiam

1137 3633 1298 3717 queramus,
1319 3645 1390 3698 illam
1408 3643 1495 3713 potius
1514 3641 1541 3698 iu
1561 3640 1698 3696 eruderato
1710 3639 1787 3704 cibo,
1808 3652 1887 3706 qnam
1901 3636 1928 3690 iu

1137 3739 1241 3795 deliciis
1257 3729 1430 3821 reperiemus.
1447 3735 1515 3790 dudi
1530 3733 1664 3805 qttornodo
1678 3733 1735 3788 hec
1750 3731 1871 3801 vrrluptas
1882 3730 1929 3784 illa

1138 3834 1224 3903 major
1237 3841 1264 3888 ct
1278 3833 1391 3888 uberior.
1403 3833 1447 3886 sit.
1470 3831 1514 3886 illa
1532 3839 1605 3889 certe
1625 3830 1717 3899 nequit
1734 3826 1841 3882 demum
1863 3840 1929 3880 con·

1138 3924 1245 3990 sistere,
1258 3939 1345 3993 neque
1357 3933 1477 3978 naturam
1491 3921 1610 3975 ciborum
1623 3919 1672 3973 sihi
1684 3917 1806 3973 idoneam
1818 3917 1928 3982 invenie

1140 4016 1197 4070 haec
1207 4029 1273 4070 vero
1294 4015 1373 4070 etiam
1386 4029 1419 4067 nx
1437 4013 1578 4068 contrariis
1592 4011 1737 4065 subsistere
1752 4015 1849 4077 potest.
1866 4007 1931 4074 Quis

1140 4109 1190 4160 hoc
1202 4105 1260 4160 alti
1281 4105 1364 4176 isqui
1380 4106 1493 4159 rtrarime
1506 4103 1624 4158 ornrtium
1645 4101 1686 4156 his
1706 4099 1850 4154 fruebatur.
1865 4098 1928 4151 dui-

1139 4213 1195 4262 otte,
1212 4198 1305 4267 iuquit,
1317 4197 1448 4268 indigenti,
1461 4211 1517 4266 qaoe
1526 4211 1613 4247 arrruro
1622 4202 1691 4259 sant,
1705 4191 1789 4244 drrlcin
1800 4187 1930 4242 uideatur:

1139 4291 1223 4344 antimo
1236 4289 1328 4343 satiata
1342 4289 1416 4342 etiam
1435 4287 1498 4356 sauir
1519 4285 1601 4338 illudit
1615 4285 1624 4354 (
1637 4283 1712 4337 Proo.
1728 4281 1773 4336 at.
1786 4279 1834 4349 'll-
1852 4278 1930 4334 tides

1139 4379 1274 4451 quomodo
1296 4379 1367 4435 illam
1392 4377 1499 4448 qrddem
1514 4386 1541 4432 ct
1562 4392 1593 4430 ex
1617 4375 1706 4444 paucis
1718 4380 1746 4428 et
1759 4387 1793 4428 ex
1807 4371 1930 4426 orrrnibus

1141 4472 1283 4528 sustentari
1307 4471 1383 4526 iacile
1397 4471 1448 4536 sit,
1468 4469 1535 4523 hanc
1547 4483 1609 4522 tero
1623 4466 1753 4521 rrriuimei
1767 4464 1795 4520 si
1809 4463 1882 4518 enirn
1898 4477 1931 4518 ne

1141 4561 1229 4618 larum
1253 4561 1360 4634 quidem
1382 4562 1549 4630 expetimus,
1571 4559 1634 4630 quid
1659 4558 1735 4614 uobis
1760 4563 1847 4626 potest
1872 4569 1932 4610 esse
1971 4621 1976 4632 Ι

1141 4656 1238 4724 volupe
1252 4656 1286 4710 de
1300 4653 1419 4708 caetero?
1432 4655 1453 4706 si
1467 4652 1537 4722 qnod
1551 4651 1669 4704 orrrnium
1684 4648 1866 4704 dulcissimum
1879 4654 1930 4708 est,

1142 4748 1303 4818 roltrptatem
1318 4761 1371 4801 non
1389 4755 1473 4815 potest
1489 4744 1601 4807 aliene,
1620 4741 1683 4812 quid
1703 4741 1801 4812 poterit
1816 4740 1841 4792 iu
1856 4738 1932 4792 rolu·

1142 4839 1411 4912 ptateroustitnerei
1437 4839 1525 4907 ltaque
1548 4838 1569 4890 si
1592 4835 1753 4909 voluptatem
1775 4831 1932 4903 quaerimus,

1144 4935 1187 4988 hic
1200 4933 1282 5002 uragis
1296 4933 1366 4986 illam
1383 4932 1556 4985 invcniemus.
1571 4927 1710 4996 Quomodo
1725 4927 1803 4996 igitur
1817 4940 1870 4979 nnn
1885 4938 1933 4980 cr·

1144 5013 1389 5082 trnmmdememim'
1409 5023 1496 5089 luerit,
1517 5037 1575 5078 earn
1589 5036 1649 5090 tqnae
1668 5019 1831 5088 voluptatem
1854 5016 1934 5072 hahet

1142 5126 1171 5174 et
1191 5117 1332 5171 sanitatem
1355 5125 1383 5170 et
1404 5114 1492 5169 omnia
1513 5114 1601 5179 burna,
1626 5120 1705 5181 atque
1723 5113 1777 5164 heo
1796 5119 1933 5178 acceptam

1144 5224 1263 5266 mensam
1278 5208 1387 5280 lugere;
1403 5206 1513 5262 alteram
1529 5219 1593 5260 raro
1608 5213 1712 5274 parare,
1727 5201 1839 5276 inhrritis
1853 5200 1934 5256 reler-

1144 5315 1197 5360 tam
1213 5302 1426 5367 calamitatibus,
1448 5293 1595 5363 instaurem,
1618 5297 1773 5357 molestam,
1792 5291 1934 5349 ualetudini

1143 5403 1300 5458 nocctttcm,
1311 5403 1354 5458 et,
1366 5391 1436 5462 quod
1449 5391 1567 5446 orrruium
1580 5399 1621 5444 cst
1633 5387 1837 5460 grauissimum,
1853 5385 1934 5438 linum

1144 5497 1236 5542 eruum
1252 5499 1300 5540 nos
1311 5493 1497 5554 provrrcautem
1508 5482 1519 5534 i
1532 5481 1596 5535 Nam
1607 5481 1629 5534 si
1643 5478 1725 5534 Viduo
1737 5493 1793 5546 quar
1803 5477 1830 5529 in
1840 5474 1935 5530 deliciis
1968 5475 1975 5486 '

1144 5589 1197 5646 eat,
1220 5580 1303 5634 uirens
1318 5587 1416 5632 morum
1437 5587 1472 5632 ert
1486 5577 1495 5646 (
1507 5578 1530 5630 1.
1543 5575 1609 5629 Tim.
1622 5575 1649 5630 ὅ.
1663 5575 1692 5628 11
1708 5573 1728 5644 ),
1750 5571 1813 5641 qnid
1827 5571 1861 5625 de
1874 5569 1936 5624 viris

1181 5739 1188 5769 ¹
1206 5735 1282 5794 colb,
1297 5736 1386 5798 tartaro.
