4142 6342
227 341 244 396 a
959 347 1151 428 gaerino.
1501 396 1508 408 .
1837 356 1870 410 iu

226 455 675 532 selercminterpretationem
683 457 830 521 Latinam
844 461 877 521 ln
887 478 954 540 qua
962 479 1037 540 pars
1048 463 1103 526 illa
1115 463 1226 526 vitiata
1243 480 1308 524 non
1319 465 1469 528 occurrii.
1481 465 1712 546 Aliampariler
1722 466 1870 531 addimus

227 553 268 595 ex
283 531 449 596 Vaticanis
464 530 633 596 (lodicibus
648 541 846 616 excerptam,
862 555 934 617 qua
946 542 1043 604 etiam
1058 542 1239 604 temerariis
1255 543 1463 607 librariorum
1478 546 1614 609 ausibus
1627 547 1740 610 vitiata
1756 547 1827 607 fuit.

266 613 422 692 Populus,
445 629 511 692 quo
525 621 729 694 repugnante
743 623 776 677 et
791 618 980 682 violentiam
993 621 1187 699 propulsare
1202 622 1336 696 nitente,
1351 624 1456 688 libeas
1469 625 1626 688 abductus
1644 626 1750 688 fuerat
1763 624 1872 706 chry-

227 697 495 787 ‘sostomusgpost
516 692 586 774 ejus
606 694 837 787 profectionem
860 699 963 779 magis
986 717 1038 761 ma
1063 699 1157 778 isque
1176 699 1209 760 in
1227 701 1310 762 iram
1325 703 1505 768 concitatus
1520 702 1769 780 vociferabatur,
1784 708 1819 766 et
1833 705 1872 766 ad

226 773 451 866 imperatorias
464 771 546 864 redes
569 771 710 853 episcopi
726 769 776 837 sul
792 769 930 839 reditum
943 718 1148 857 postudahat:
1168 778 1361 916 interimque
1371 785 1464 845 terras
1478 786 1568 845 motu
1582 784 1739 863 palatium
1755 799 1872 846 concu-

228 854 339 926 tiente,
355 850 505 914 Eudoxia
525 854 671 933 Augusta
695 856 867 933 perterrita
889 861 1037 920 sanctum
1062 859 1235 938 praesulem
1262 873 1297 920 re
1320 859 1481 922 ucendum
1500 863 1636 926 curavit.
1660 863 1773 925 Redux
1797 879 1873 924 vero

227 929 478 1010 chrysostomus
496 933 748 1012 extemporalem
776 934 890 996 habuit
902 936 1148 1000 Oratiunculam
1169 953 1268 1016 quam
1290 935 1400 1000 Gracc
1415 944 1447 1002 et
1468 939 1581 1003 Latine
1597 941 1724 1015 damus,
1747 941 1875 1020 postri-

227 1009 345 1089 dieque
365 1009 503 1072 alteram
525 1011 624 1089 paulo
643 1013 838 1094 longiorem,
864 1015 966 1093 priori
982 1013 1197 1098 subjunctam.
1214 1016 1307 1080 lllam
1322 1033 1398 1080 vero
1412 1034 1486 1095 quae
1502 1017 1540 1082 da
1555 1019 1739 1083 chananaea
1753 1017 1875 1082 inscri-

228 1089 329 1163 bitur,
342 1089 456 1168 paucis
472 1093 546 1184 post
561 1089 735 1153 adventum
754 1109 852 1155 suum
865 1092 979 1158 diebus
1004 1095 1156 1159 habuerit
1172 1112 1305 1158 necesse
1326 1100 1397 1158 est:
1417 1096 1587 1178 ipsamque
1610 1099 1643 1160 in
1658 1098 1769 1161 eadem
1789 1099 1875 1160 serie

228 1168 380 1242 locatam,
393 1166 630 1231 vindicavimus
642 1172 684 1232 ab
701 1171 741 1234 iis
778 1173 812 1232 ui
824 1171 864 1233 de
878 1175 1047 1238 authentia
1061 1173 1257 1254 quaestiones
1273 1179 1459 1250 moverant,
1475 1191 1613 1258 eamque
1634 1183 1670 1240 ut
1689 1181 1875 1258 suspectam

229 1247 423 1309 habuerant.
438 1248 516 1312 llaec
531 1249 642 1312 omnia
657 1267 745 1312 anno
756 1190 820 1311 203
833 1250 918 1315 dicta
933 1253 1034 1316 fuere.

268 1326 326 1389 llis
337 1325 545 1420 adjunximus
562 1328 643 1390 duos
660 1329 894 1408 pulcherrimos
912 1330 1015 1396 libros
1034 1349 1177 1412 quorum
1191 1333 1309 1414 prioris
1326 1333 1438 1397 titulus
1454 1339 1513 1410 est,
1532 1335 1627 1412 Quod
1642 1353 1730 1398 nemu
1748 1333 1876 1398 luditur

229 1405 295 1467 seiri
310 1425 329 1466 a
343 1423 470 1486 seipsa:
490 1407 678 1486 posterioris
693 1425 784 1485 iero,
805 1411 839 1472 in
852 1411 883 1474 vi
908 1411 967 1473 inti
1004 1418 1124 1475 uatuor
1139 1413 1246 1492 capita
1269 1413 1445 1488 distributi,
1461 1412 1510 1476 Ad
1531 1433 1581 1475 eos
1596 1415 1650 1496 qui
1665 1411 1875 1477 scandalizati

229 1483 362 1577 simtuh
389 1484 603 1581 adversitates,
627 1491 698 1582 etc..
718 1485 760 1582 lli
785 1505 862 1554 vero
886 1429 960 1552 iibri
982 1430 1062 1555 dicet
1088 1495 1163 1572 post
1188 1493 1306 1556 multas
1328 1491 1490 1572 Epistulas
1513 1492 1739 1574 chrysostomi
1764 1493 1875 1586 scripti

230 1563 361 1630 fuerint.
376 1562 552 1643 etquidem
569 1582 656 1628 aniio
671 1571 811 1641 circiter,
826 1572 863 1631 ut
875 1575 1020 1650 putatur,
1034 1570 1105 1642 tut,
1118 1589 1191 1634 cum
1202 1571 1235 1632 iii
1252 1572 1369 1634 exsilio
1384 1577 1506 1658 ageret,
1518 1573 1595 1653 quia
1605 1573 1639 1634 in
1652 1572 1735 1634 serie
1749 1572 1876 1650 Episto-

229 1641 336 1703 larum
356 1641 456 1705 lucari
472 1661 538 1706 nori
555 1649 717 1723 poterant,
740 1649 775 1709 iii
803 1647 865 1712 liac
878 1655 997 1728 quarta
1011 1651 1116 1714 classe
1140 1667 1256 1730 agmen
1283 1652 1449 1727 claudunt,
1466 1650 1553 1732 quod
1579 1651 1778 1714 commodior
1796 1650 1874 1730 ipsis

231 1718 322 1784 locus
341 1721 517 1804 excogitari
532 1740 599 1786 non
612 1730 732 1804 posset.
806 1807 810 1811 ‚

542 1859 557 1931 ι
574 1852 628 1919 lli.
646 1887 685 1898 -
709 1853 831 1930 Quinta
847 1862 876 1915 et
895 1861 1055 1934 postrema
1069 1856 1189 1921 classis.
1201 1871 1268 1935 quur
1284 1862 1328 1916 est
1341 1855 1573 1934 Epistularum.

271 1967 359 2032 later
368 1969 588 2053 chrysostomi
604 1988 704 2051 opera
718 1973 798 2034 nihil
812 1973 966 2052 Epistolis
981 1973 1176 2054 pretiosius,
1203 1971 1285 2035 nihil
1297 1971 1337 2036 ad
1352 1973 1610 2044 concinnandam
1625 1973 1763 2036 duorum
1785 1973 1877 2036 exsi-

232 2048 351 2111 liorum
374 2050 445 2130 ejus
456 2051 626 2114 historiam
638 2052 852 2131 opportunius
870 2073 878 2114 ε
896 2070 995 2132 quam
1017 2071 1097 2116 sane
1112 2055 1238 2132 partem
1263 2051 1407 2115 historia
1419 2052 1644 2116 ecclesiasticas
1660 2052 1745 2114 inter
1757 2053 1877 2144 praci-

256 2146 316 2190 uas
337 2129 432 2192 istius
458 2130 567 2193 saeculi
592 2131 872 2194 annumerandam
888 2149 959 2194 esse
987 2131 1131 2206 fatearis,
1154 2131 1182 2193 si
1211 2135 1336 2210 spectes
1354 2134 1478 2210 quanta
1502 2130 1685 2194 constantia
1710 2132 1876 2210 animique

245 2207 420 2272 artitudine
429 2208 631 2273 calamitates
641 2227 804 2288 nusquam
818 2207 897 2272 alibi
914 2216 1108 2273 memoratas
1126 2211 1296 2290 pertulerit
1310 2225 1318 2271 ι
1331 2209 1358 2272 ιι
1378 2209 1563 2272 consideres
1588 2213 1711 2289 quanta
1731 2210 1876 2272 fueritin

232 2285 419 2367 hujusmodi
443 2289 574 2370 negotio
595 2289 681 2351 inter
706 2306 859 2368 proceres
880 2289 1034 2353 Ecclesia
1056 2296 1088 2353 et
1111 2289 1244 2430 lmKerii
1266 2289 1443 2362 dissensio;
1473 2289 1546 2352 aliis
1572 2289 1606 2350 in
1627 2289 1766 2352 adversa
1785 2294 1877 2368 parte

232 2367 395 2429 stantibus
408 2387 417 2442 ;
433 2369 520 2449 aliis,
534 2383 674 2448 quorum
688 2367 839 2447 princeps
857 2373 928 2430 erat
939 2367 1147 2436 innocentius
1186 2383 1323 2432 omanus
1339 2365 1496 2448 pontifex,
1507 2367 1641 2430 ioannis
1656 2367 1877 2448 chrysostomi

232 2461 366 2508 causam
383 2451 516 2510 strenue
534 2449 827 2528 propugnantibus.
838 2447 905 2510 llas
919 2449 1031 2527 itaque
1044 2449 1206 2529 Epistulas
1223 2451 1348 2526 quanta
1363 2446 1528 2526 potuimus
1546 2447 1754 2508 accuratione
1769 2463 1877 2508 emen·
1917 2493 1926 2506 .

233 2523 324 2587 (latas
334 2525 504 2589 edidimus.
515 2526 600 2602 Quia
608 2544 686 2588 vero
695 2527 861 2606 temporis,
870 2545 936 2605 quo
945 2529 1072 2608 scripta
1082 2527 1145 2592 illae
1161 2526 1300 2600 fuerant,
1312 2525 1457 2588 ordinem
1471 2526 1562 2588 nulla
1571 2529 1653 2600 arta,
1666 2525 1877 2588 aullolabore

234 2605 364 2684 assequi
420 2609 572 2678 teramus,
587 2605 760 2668 Frontonis
774 2606 882 2668 Ducrei
901 2605 1018 2668 seriem
1032 2608 1126 2686 sequi
1141 2607 1248 2669 visum
1262 2609 1321 2668 est.
1333 2603 1402 2666 Etsi
1416 2605 1501 2667 enini
1517 2605 1649 2666 omnino
1666 2603 1877 2684 conspicuum

235 2683 277 2744 sit
289 2700 371 2761 quas
394 2701 446 2747 am
457 2701 570 2748 earum
583 2689 659 2748 ante
673 2685 840 2764 aliasque
850 2683 918 2765 iam
928 2687 961 2747 in
975 2686 1069 2748 Edito
1082 2684 1267 2766 precedunt
1281 2685 1418 2765 scriptas
1432 2683 1543 2758 fuisse,
1560 2701 1633 2746 cum
1644 2683 1787 2746 maxima
1803 2699 1878 2762 pars

235 2761 367 2824 illarum
378 2763 502 2828 nullam
521 2782 587 2844 pras
602 2783 637 2826 sc
655 2761 736 2827 ferat
750 2765 904 2845 temporis
921 2769 1044 2836 notam,
1063 2782 1129 2827 non
1145 2764 1293 2827 consulto
1308 2761 1509 2834 fecissemus,
1532 2763 1559 2824 si
1579 2761 1737 2842 quasdam
1764 2779 1879 2824 earum

236 2843 409 2982 {gisum
421 2843 493 2906 loco
507 2844 755 2985 amotrissgiitius,
766 2844 883 2984 incetrti
897 2862 977 2906 num
985 2845 1060 2920 illie,
1073 2861 1155 2924 quas
1173 2859 1193 2905 a
1206 2841 1321 2924 priscis
1339 2842 1467 2905 sedibus
1480 2841 1782 2916 deturbaveramus,
1802 2846 1879 2905 anta

269 2937 279 2980 ι
303 2938 445 2985 somnes
457 2941 493 2985 se
517 2939 581 2985 ueri
598 2941 631 2986 es
666 2939 727 2985 aaa
739 2941 835 2989 esseu
852 2967 859 2984 .

273 2997 375 3064 Eitra
393 2941 566 3065 numedum
580 3002 720 3065 aliarum
734 3003 935 3083 praemiserat
957 3003 1080 3066 Fronto
1103 3003 1251 3066 Ducreus'
1263 3001 1356 3066 binas
1376 3000 1417 3064 ad
1440 3001 1665 3064 innocentium
1683 3001 1879 3080 Episcopum

235 3077 417 3143 liomanum
430 3081 605 3160 Epistulas,
621 3099 750 3144 necnon
773 3082 863 3144 illam
876 3100 949 3165 quas
970 3083 1011 3146 ad
1024 3082 1203 3162 Episcopus
1217 3086 1249 3145 et
1263 3082 1472 3162 presbyteros
1495 3081 1527 3141 in
1543 3097 1673 3144 carcere
1690 3079 1833 3142 inclusos
1860 3096 1880 3142 a

235 3157 467 3239 Chrysostomu
479 3160 649 3224 exsulante
664 3159 786 3241 scripta
799 3161 879 3236 fuit3
893 3163 927 3225 iii
941 3163 1002 3226 hoc
1014 3163 1112 3225 ctiam
1132 3162 1287 3225 liucaeum
1310 3178 1344 3223 se
1369 3161 1490 3222 uimur.
1506 3161 1627 3222 Verum
1642 3159 1880 3240 postepistolae

235 3235 468 3318 chrysostomi,
483 3239 563 3304 duas
586 3240 767 3303 innocentii
796 3257 888 3320 papa
903 3261 944 3304 ex
961 3243 1143 3304 sozomeno
1168 3244 1321 3320 exceptas
1375 3241 1471 3312 imus,
1493 3239 1657 3318 quiaquia
1676 3237 1716 3300 ad
1737 3256 1817 3312 rem,
1842 3237 1881 3299 da

236 3331 303 3410 qua
316 3317 368 3380 hic
382 3319 501 3400 agitur,
520 3319 654 3381 omnino
668 3319 842 3398 pertinent,
860 3321 963 3383 miror
979 3339 1046 3401 quo
1057 3326 1152 3401 pacto
1163 3321 1198 3381 in
1211 3321 1302 3399 prius
1310 3319 1411 3381 Editis
1423 3319 1551 3380 omissio
1572 3318 1702 3380 fuerint.
1725 3317 1784 3378 llis
1800 3317 1883 3380 suh-

235 3396 406 3534 yunximus
432 3397 560 3459 Sacrum
576 3398 715 3460 lionorii
739 3399 876 3492 Augusti
890 3421 908 3494 3·
920 3401 1034 3495 Suerqs
1049 3401 1216 3494 appellare
1231 3399 1381 3462 solebant
1404 3398 1558 3492 epistolps
1583 3397 1826 3492 imperatopias.
1843 3395 1880 3458 lii

260 3490 299 3537 ac
322 3491 399 3536 vero
414 3475 452 3537 de
468 3477 609 3540 tumultu
629 3477 989 3558 Constantinopolitano
1004 3497 1037 3542 iii
1056 3485 1214 3560 eyectione
1233 3477 1453 3558 chrysostomi
1475 3493 1572 3538 unice
1598 3481 1717 3557 agitur,
1744 3477 1882 3554 ideoque

236 3568 303 3613 noii
317 3553 425 3616 debuit
439 3555 473 3617 in
501 3556 619 3620 harum
642 3557 863 3636 Epistularum
890 3559 974 3622 serie
993 3559 1204 3638 pretermitti.
1223 3558 1411 3637 Sequuntur
1422 3556 1567 3618 ducentas
1581 3555 1798 3695 quadraginta
1808 3555 1883 3616 duaa

128 3678 134 3689 .
236 3631 390 3714 Epistulae
403 3632 637 3716 chrysostomi,
657 3653 798 3715 quarum
828 3638 1055 3716 septemdecim
1078 3636 1203 3716 priores
1219 3636 1260 3702 ad
1281 3635 1516 3716 Olympiadem,
1542 3640 1699 3697 caeterea
1736 3633 1881 3696 diversos

237 3716 314 3772 sunt
331 3713 450 3787 missae,
470 3732 611 3808 quorum
627 3715 867 3778 nominahahes
883 3717 1087 3797 alphabetico
1108 3716 1220 3777 ordiiie
1234 3716 1268 3776 iii
1282 3715 1417 3782 Monito,
1434 3713 1490 3776 ubi
1515 3712 1612 3776 etiam
1635 3729 1788 3776 numeros
1803 3710 1883 3791 Epi-

237 3791 395 3854 stularum
408 3793 447 3854 ad
463 3811 512 3855 siu
558 3796 608 3856 los
626 3793 799 3857 missarum
812 3793 1001 3875 adjecimus.
1011 3794 1121 3856 Exhis
1132 3798 1241 3857 autem
1249 3792 1558 3872 Epistulisquinqua
1570 3792 1609 3853 ad
1623 3793 1744 3854 calcem
1756 3791 1881 3869 ροιιιιι,

237 3868 392 3931 nimirum
403 3869 475 3947 237,
492 3813 564 3946 ig,
579 3873 651 3948 239,
664 3871 725 3933 Elio
739 3877 771 3933 et
787 3871 859 3947 att,
879 3892 945 3936 non
960 3874 1200 3954 chrysostomi,
1217 3872 1272 3934 sed
1296 3871 1476 3936 constantii
1494 3871 1672 3950 presbyteri
1695 3875 1791 3944 suut,
1819 3869 1880 3932 viri

129 3969 134 3977 ·
237 3949 338 4010 sancti
355 3954 387 4011 et
400 3949 629 4031 chrysostomo
645 3950 866 4024 addictissimi,
879 3957 915 4014 ut
929 3953 963 4014 in
975 3952 1099 4014 Monito
1112 3953 1152 4016 ad
1168 3951 1297 4014 easdem
1314 3955 1383 4013 tum
1406 3967 1447 4011 ex
1476 3950 1577 4030 stylo,
1598 3955 1667 4011 tani
1690 3948 1882 4012 auctoritate

237 4024 362 4089 Codicis
376 4028 526 4094 Vaticani
540 4031 764 4110 probavimus.

277 4105 496 4190 Epistularum
519 4127 636 4192 agmen
651 4109 773 4173 claudit
797 4109 1007 4173 celeberrima
1026 4111 1084 4174 illa
1102 4111 1142 4173 ad
1156 4111 1333 4174 caesarium
1355 4108 1551 4173 monachum
1574 4109 1719 4204 Epistola
1742 4125 1815 4188 quaa
1836 4110 1884 4194 tut

239 4189 575 4251 controversariarum
588 4205 702 4253 ansam
716 4188 866 4268 prebuit,
875 4195 912 4252 nt
921 4191 955 4251 iri
970 4189 1093 4252 hinnitu
1107 4195 1182 4252 ante
1195 4188 1338 4253 eamdem
1348 4190 1456 4268 posito
1471 4187 1577 4250 videre
1589 4188 1675 4251 licet.
1690 4189 1769 4250 Eam
1783 4199 1883 4266 porro

239 4261 467 4345 chrysostomo
479 4267 585 4331 allatis
600 4267 717 4330 ibidem
733 4268 771 4329 de
785 4269 892 4331 causis
900 4267 1155 4348 abjudicavimus
1167 4289 1175 4329 r
1189 4286 1349 4350 speroque
1360 4268 1427 4349 jam
1439 4267 1565 4329 nullum
1574 4267 1613 4328 ile
1626 4267 1752 4330 calculo
1766 4270 1882 4329 contra

239 4339 371 4406 ferendo
388 4345 604 4426 cogitaturum
619 4365 702 4410 esse.
727 4345 759 4407 Si
779 4347 853 4425 quis
869 4349 972 4423 enim,
990 4347 1024 4409 iii
1048 4347 1267 4431 chrysostomi
1284 4349 1500 4430 genuinorum
1515 4361 1651 4425 operum
1661 4347 1800 4410 lectione
1814 4361 1882 4406 rioii

238 4421 370 4501 hospes,
394 4424 538 4489 conferat
552 4426 693 4502 ejusdem
704 4423 859 4505 Epistola
879 4427 991 4490 cruca
1002 4427 1194 4507 fragmenta,
1219 4444 1292 4507 quaa
1314 4443 1402 4489 nunc
1414 4426 1510 4506 plura
1524 4427 1736 4505 auctioraque
1750 4425 1899 4498 damus,-

239 4518 313 4562 cum
335 4504 497 4583 germanis
507 4503 729 4588 chrysostomi
745 4505 912 4584 operibus,
926 4507 955 4569 ιι
970 4505 1166 4570 hauddubie
1181 4507 1334 4570 fatebitur
1348 4507 1474 4568 nullam
1488 4503 1617 4642 uspiam
1631 4509 1756 4589 tautam
1770 4519 1884 4565 occur·

130 4609 138 4624 ·
239 4594 312 4641 rere
329 4581 403 4662 styli
418 4583 645 4648 diversitatem.
663 4585 769 4678 liuius
783 4584 947 4665 Epistulae,
962 4586 1063 4665 paulo
1078 4589 1251 4667 postquam
1265 4587 1350 4668 typis
1373 4585 1463 4646 illam
1479 4584 1517 4644 ile
1541 4601 1642 4659 eram,
1657 4583 1883 4666 apographum

136 4711 141 4718 .
240 4663 436 4722 nactussum
457 4663 496 4725 ad
515 4663 609 4727 fldem
628 4668 748 4726 veteris
771 4664 984 4744 idanuscripti
1006 4669 1225 4760 asumptum,
1248 4683 1289 4727 ex
1313 4664 1377 4728 alio
1396 4669 1433 4724 ut
1454 4662 1585 4744 videtur
1602 4663 1730 4737 codice,
1751 4678 1815 4724 noii
1840 4661 1883 4721 ab

240 4753 337 4876 aa
354 4741 1012 4902 lt,articulatas-talla
1028 4741 1882 4886 fluitabithalleluiah?aatati

239 4837 420 4976 Arahiepdc
463 4901 702 4966 iAleararirlrie
728 4910 841 4964 contra
867 4902 909 4964 im
932 4903 998 4966 ium
1022 4900 1237 4984 Apollinarem
1265 4901 1302 4963 ds
1329 4900 1465 4964 satutari
1489 4899 1675 4982 Epiphania
1698 4899 1816 4962 christi
1846 4917 1886 4958 ex
1982 4927 1985 4934 ·

238 4971 408 5036 hereditate
443 4979 595 5042 artissimi
606 4979 672 5044 uiri
685 4979 816 5044 Nicului
831 4921 1004 5046 aebdcmis
1017 4981 1243 5048 deFiureutia.
1257 4980 1294 5042 de
1310 4997 1372 5061 quo
1387 4975 1566 5042 Nicotaus.
1577 4979 1759 5043 Autusaiuus
1772 4985 1801 5072 et
1813 4975 1883 5038 ulii.

240 5049 277 5110 ln
297 5053 359 5115 hoc
374 5055 520 5120 videlicet
533 5057 648 5121 codice
666 5061 919 5140 promittebatur
931 5061 1014 5123 liber
1028 5059 1196 5123 Athanasii
1210 5069 1324 5122 contra
1335 5059 1590 5139 Apollinarium,
1604 5060 1643 5122 de
1667 5059 1803 5120 salutari
1818 5054 1886 5117 Ad-

241 5132 483 5210 ventnchristi,
499 5139 617 5217 qniest
636 5139 670 5200 in
691 5143 803 5203 nostra
817 5139 849 5200 S.
864 5138 1035 5203 Athanasii
1059 5139 1208 5202 Editiune
1222 5138 1305 5202 liber
1316 5139 1490 5212 secundus,
1530 5183 1537 5198 .
1554 5137 1626 5212 alil),
1642 5138 1720 5217 quia
1731 5137 1816 5198 liber
1830 5135 1884 5196 ille

240 5211 413 5304 quamdam
433 5214 529 5278 habet
542 5233 615 5279 cuin
627 5218 772 5296 Epistola
795 5219 997 5295 affinitatem,
1015 5217 1098 5280 utin
1113 5219 1236 5280 Monitu
1251 5219 1472 5298 inEpistolam
1484 5155 1526 5279 ad
1539 5215 1885 5308 ctesariumdiximuu

240 5287 314 5348 Post
328 5290 415 5352 illam
428 5301 540 5358 notam
555 5297 703 5375 sequitur
721 5297 834 5361 titulus
847 5300 987 5380 :lucipit
1004 5299 1036 5359 E
1063 5299 1157 5360 istola
1173 5299 1213 5360 B.
1228 5299 1364 5361 lucanis
1382 5297 1520 5390 episcopi
1537 5293 1884 5373 constantinopolitam

240 5365 282 5426 ad
294 5365 464 5433 Caesarium
476 5382 545 5444 eta,
557 5383 595 5437 ut
609 5377 642 5436 iii
657 5375 749 5436 Edita
768 5383 877 5439 nostro
889 5378 949 5439 col.
960 5317 1100 5439 ’ἴδει-ξω
1115 5377 1194 5439 lbid.
1205 5378 1229 5437 l.
1245 5375 1264 5438 5
1278 5387 1306 5440 et
1319 5382 1467 5450 ἀκραιφνῶς.
1481 5377 1516 5437 ιιι
1530 5384 1574 5436 est
1588 5383 1806 5468 consumptam.
1821 5371 1883 5432 his.

240 5452 268 5534 ςι
284 5449 410 5524 &upupae
431 5452 500 5535 (sic)
517 5455 551 5516 id
564 5461 608 5516 est
623 5454 842 5535 cunjunctam:
856 5457 993 5518 fortasse
1010 5457 1212 5538 conjunctim.
1223 5457 1303 5518 lbid.
1318 5457 1340 5518 l.
1352 5457 1382 5519 8.
1398 5458 1458 5520 ιιι.
1476 5454 1637 5517 sEtdicas
1647 5455 1782 5534 [arsetas
1797 5449 1887 5512 ahe-

233 5538 306 5601 yure
315 5527 398 5590 adid
404 5532 604 5611 quudmelius
612 5541 656 5595 est
666 5535 782 5596 uenisse
792 5543 831 5595 te.
840 5536 1051 5615 Lugenduma
1058 5537 1177 5616 pejore,
1190 5535 1314 5599 ethanc
1325 5537 1495 5600 lectionem
1503 5533 1697 5614 praeferrem,
1707 5531 1769 5592 nisi
1777 5531 1886 5592 obsta-

239 5609 313 5664 reni
330 5609 441 5674 Gl'oeci'i
456 5630 496 5676 και
516 5634 611 5694 pherme
621 5627 711 5684 πάντως
725 5628 750 5678 r'ii
765 5627 853 5686 ιιιάιης
864 5629 919 5695 πρὸς
940 5635 967 5678 τι
984 5640 1086 5694 spalatus
1105 5630 1252 5686 discludi-›au-
1779 5689 1786 5702 ι
1853 5689 1858 5702 ·

245 5759 254 5774 ι
279 5682 522 5761 Galabatha
536 5713 544 5752 ι
557 5694 673 5774 {actum
688 5711 727 5753 ear
741 5693 943 5757 diuinitatem
956 5693 1138 5766 carcalla,
1152 5694 1263 5775 {actae
1280 5693 1392 5756 deitate
1406 5701 1434 5756 et
1450 5689 1886 5768 earnis.bin.13:llmpeiuti

199 5799 205 5808 ·
240 5765 433 5843 smuyiuctui·
445 5769 566 5834 deitati.
578 5771 807 5852 histiuipeuiti
821 5774 1026 5856 imagi-namur
1036 5773 1156 5836 deitati.
1171 5772 1304 5834 asnaa:
1318 5775 1528 5837 Verumtamen
1542 5790 1598 5834 uus
1608 5771 1885 5848 recordantestuas
