4142 6342
262 362 318 421 283

617 352 645 409 S.
666 344 804 407 totonis
821 338 1058 401 cttntsosnostt
1079 334 1238 394 ancittae.
1258 323 1525 393 construamur.

1848 312 1901 368 181

264 472 441 533 substantiam
451 452 594 531 diriscrnt;
607 471 670 519 ante
682 459 813 533 baptisma
825 468 914 515 autem
929 472 982 511 non
997 428 1059 511 licet
1101 448 1304 513 ¹reminiscitur,
1318 442 1421 517 qumod
1436 435 1660 510 compassionem,
1673 426 1901 496 misericordiam,

265 575 375 638 paterna
396 563 529 632 accipere,
549 569 636 623 neque
655 550 832 607 hereditatem
855 546 1005 615 consequi:
1023 544 1060 599 ita

267 664 298 711 ut
309 669 345 709 ex
365 653 408 707 lris
429 647 553 705 onrnibns
574 642 691 699 bdelium
714 648 798 695 status
817 636 1000 694 adumbretur.
1027 633 1060 687 Et

267 744 346 818 probi
364 742 446 798 irater
458 747 530 811 erat;
545 735 628 790 irater
644 746 710 789 sero
732 730 791 785 sine
803 726 935 799 spirituali
947 736 1060 794 regene-

269 836 373 891 ratione
385 840 551 900 neqnaquam
564 822 707 881 luerit.ch
721 821 800 890 igitur
812 818 845 874 ad
858 829 990 872 summam
1002 827 1060 867 ma-

269 926 354 982 litium
362 922 498 990 delapsus,
510 916 573 986 naid
584 915 687 987 irrqnitl
700 910 862 968 Reuertarad
872 918 969 980 patrem
979 921 1063 961 numm

272 1015 349 1089 (Luc.
362 1014 406 1067 15.
419 1007 476 1083 18).
489 1009 635 1079 Propterea
646 1006 717 1061 bunc
731 1012 805 1074 pater
816 1000 962 1065 dimiserat,
977 980 1066 1067 neone

273 1101 460 1176 prohibuerat,
475 1099 620 1171 quominus
641 1097 668 1151 in
682 1098 818 1166 regionem
840 1090 925 1147 abiret
938 1088 1062 1149 alienam,

272 1203 404 1265 ullatenus
422 1191 609 1262 experimento
630 1186 747 1242 disceret
771 1190 911 1246 accurate,
935 1185 1064 1249 quantum

270 1278 433 1341 beneficium
443 1281 592 1353 susceperit
600 1278 674 1335 domi
680 1291 800 1333 manens
812 1273 890 1345 Smpe
901 1270 973 1327 enim
984 1268 1064 1329 Deus,

273 1375 429 1432 cumdictis
450 1374 539 1429 arsinus
564 1369 673 1433 suadet,
688 1382 778 1424 rerum
802 1360 993 1435 experimentis
1015 1358 1066 1413 do·

274 1466 390 1549 utrinam
402 1463 543 1537 permittit.
558 1460 634 1531 Quod
652 1470 680 1517 et
689 1458 723 1515 ad
733 1457 847 1523 ,ludaeos
859 1453 965 1510 dicebat
978 1470 985 1506 ε
996 1464 1066 1521 quo·

275 1557 347 1620 niam
361 1556 467 1627 atridem
482 1554 584 1610 indrrita
604 1568 652 1622 per
671 1550 816 1623 propbetas
837 1546 918 1602 uerba
933 1558 994 1600 cum
1016 1543 1068 1597 inr-

276 1648 426 1720 pemlisset,
438 1661 491 1700 non
513 1644 598 1700 suasit
619 1657 706 1711 neque
725 1641 826 1704 illexit;
842 1636 1000 1709 permittens
1021 1648 1069 1690 eos

277 1754 325 1811 per
350 1737 455 1807 llagclln
479 1735 602 1805 corrigi,
628 1732 765 1789 distentis
790 1749 799 1787 ι
822 1730 947 1798 Corripiet
979 1736 1003 1781 te
1030 1740 1070 1779 re·

277 1829 352 1884 bellio
367 1837 453 1893 tua,et
464 1827 562 1883 naalitia
581 1825 617 1881 ita
638 1833 727 1897 arguet
748 1834 772 1878 te
785 1821 851 1895 (ier.
866 1820 895 1873 1.
917 1816 971 1891 19).
982 1816 1069 1888 Opur-

278 1930 367 1978 tucrat
403 1921 491 1991 ipsum
530 1918 638 1989 quidem
676 1916 729 1972 lide
755 1915 863 1986 dignum
898 1908 991 1968 baberi
1028 1908 1071 1963 sel

276 2023 341 2071 ante
355 2014 472 2084 ipsarum
485 2026 574 2068 rerum
585 2020 727 2076 euentum;
738 2008 864 2079 quorriam
877 2020 939 2060 sero
949 2010 1003 2059 tam
1016 2010 1073 2054 stu·

279 2104 335 2175 pidi
345 2103 465 2179 ‘luerunn
477 2110 507 2157 ut
519 2116 552 2158 co
563 2108 689 2157 monente
702 2110 730 2155 ει
741 2098 898 2155 consulente
912 2109 965 2149 non
975 2091 1072 2147 crede-

278 2204 350 2263 rent,
364 2210 429 2278 cunr
444 2209 492 2251 cos
513 2195 586 2263 prins
598 2193 781 2264 repressisset,
801 2205 836 2246 ue
847 2188 956 2244 malitiae
970 2186 1074 2241 obtem·

185 2282 194 2295 “
279 2294 416 2358 perorent,
432 2285 552 2358 permisit
565 2300 613 2341 eos
626 2300 714 2341 rerum
725 2292 824 2341 eventu
838 2282 945 2351 corrigi,
960 2292 1015 2350 qno
1032 2275 1073 2332 rel

279 2376 324 2460 sic
341 2391 389 2432 cos
408 2384 589 2446 recuperaret.
605 2373 748 2451 Postquam
764 2373 843 2443 igitur
856 2366 1007 2427 concedens
1030 2367 1075 2421 ille

280 2468 418 2538 prodigus,
442 2467 469 2521 in
488 2467 602 2522 alienam
621 2474 718 2521 terram
742 2464 822 2519 rebus
837 2462 900 2533 ipsis
923 2440 1074 2531 perdidicit,

281 2559 346 2630 pisid
363 2559 426 2613 nrali
437 2559 472 2615 sit
492 2566 604 2630 paterna
616 2558 698 2614 domo
720 2556 860 2620 excidere,
876 2565 903 2609 et
918 2552 1006 2619 rediit,
1020 2566 1075 2606 uon

280 2649 332 2705 init
346 2662 449 2705 ntenror
469 2648 573 2719 injuriae
596 2656 689 2719 pater,
709 2647 757 2703 sed
772 2648 857 2717 passis
875 2660 938 2721 eum
956 2643 1076 2711 suscepit

281 2740 419 2807 turonibus,
428 2739 498 2807 Quid
520 2739 576 2795 ital
589 2737 657 2806 Quia
678 2747 768 2810 pater,
785 2752 839 2793 non
856 2735 939 2807 judex
960 2733 1077 2790 eraudi

281 2829 383 2897 clrorm,
397 2838 425 2886 et
436 2831 523 2900 epulae
535 2839 562 2886 et
574 2829 637 2886 lesti
650 2838 798 2887 conuentus
810 2828 906 2884 deinde
921 2826 982 2881 loeti
996 2835 1075 2892 sunt,

281 2921 396 2991 lataque
409 2930 438 2978 et
448 2921 569 2995 gaudens
583 2930 643 2977 erat
654 2921 760 2977 domus.
778 2919 846 2988 Quid
860 2919 945 2975 dicis?
959 2917 1078 2973 lrarccine

282 3019 346 3072 suro
358 3010 467 3067 malitiae
481 3011 589 3081 praemia
599 3012 611 3067 i
623 3011 681 3088 Noa
701 3011 820 3076 malitia,
834 3010 953 3074 obomo,
970 3008 1018 3063 scd
1033 3022 1077 3063 re·

282 3101 355 3158 ditos
369 3120 376 3155 :
391 3118 445 3158 non
457 3103 571 3173 peccati,
585 3102 641 3166 sed,
650 3102 814 3175 poenitentiae
828 3119 835 3155 ε
852 3115 905 3157 non
919 3100 1078 3171 improbita-

284 3193 329 3256 tis,
341 3192 389 3248 sed
401 3193 429 3273 in
441 3193 538 3249 melius
552 3194 707 3250 mutationis
722 3211 729 3249 ε
748 3202 777 3249 ει
790 3192 862 3261 quod
874 3200 917 3248 εει
934 3190 1031 3263 ιεε)εε,
1045 3188 1079 3247 de

263 3329 265 3332 .
283 3279 326 3335 bis
341 3281 492 3354 indignatus
510 3292 553 3339 est
566 3283 654 3354 major
672 3283 757 3350 lilins3
782 3281 825 3338 tnc
838 3293 928 3338 autem
946 3291 973 3337 et
991 3282 1079 3351 ipsum

283 3382 422 3428 mansuete
435 3374 582 3445 mitigavit,
595 3374 688 3430 dicens
704 3391 711 3431 ε
725 3374 852 3443 Quoniam
866 3384 893 3428 tn
904 3356 1004 3445 qr'iidem
1015 3389 1076 3429 serrr.

284 3480 439 3542 permeesnr
449 3482 487 3533 ea,
501 3466 542 3520 iric
555 3482 613 3520 uero
627 3466 746 3537 perierat,
762 3476 785 3520 et
806 3466 921 3519 inuentus
941 3473 1078 3519 esttmor-

285 3564 344 3608 mm
354 3555 723 3630 erat,etreuiait(buc.l5,5l.
736 3557 792 3627 31).
802 3554 1079 3630 Cumueroperditnm

284 3658 394 3700 serrare
407 3654 523 3714 oportet,
539 3647 635 3717 inquit,
650 3661 704 3701 uon
722 3646 814 3717 judicii
839 3656 945 3716 tempus
958 3653 1010 3712 est,
1033 3659 1080 3701 ne-

177 3748 185 3773 ι
284 3750 337 3805 qne
359 3736 507 3792 subtilioris
531 3738 678 3804 examinis,
702 3738 750 3793 sed
769 3737 919 3794 elementiae
941 3738 1081 3807 veniaque

285 3824 435 3881 dumtaxat.
457 3826 552 3884 Nullus
567 3829 639 3883 enim
654 3827 786 3895 medicus,
802 3828 886 3883 misso
900 3828 1081 3883 medicamen·

285 3926 373 3974 torum
389 3933 449 3983 usu,
471 3919 671 3976 incontinentiae
685 3935 777 3991 peenas
797 3920 879 4001 abeo
900 3920 1029 3991 exegerit.
1052 3918 1081 3976 st

284 4025 349 4065 uero
364 4026 532 4080 parnassum
551 4014 615 4069 dare
628 4014 756 4085 oportuit,
776 4014 842 4069 satis
854 4028 1004 4082 poenarum,
1019 4002 1094 4068 cum'

172 4088 180 4103 '
286 4098 313 4153 in
328 4098 416 4155 aliena
436 4102 546 4173 regione
562 4112 686 4159 versatus
700 4112 753 4169 est,
774 4102 859 4158 dedit.
878 4102 963 4159 Turno
975 4103 1047 4159 enim
1065 4117 1080 4158 a

286 4188 365 4243 nobis
378 4199 499 4261 tempore
509 4201 673 4263 segregatus,
689 4192 758 4250 lame
770 4192 955 4264 dedecoreqne
965 4208 997 4250 ac
1010 4207 1082 4263 sum·

287 4279 340 4331 nris
352 4278 522 4336 condictatus
542 4284 628 4349 malis,
641 4283 800 4339 laborabat:
821 4292 963 4354 propterea
984 4282 1079 4354 inquit,

287 4365 418 4440 Perierat,
431 4379 455 4424 et
468 4371 582 4427 inuentus
594 4383 629 4429 est
644 4385 778 4430 :mortuas
791 4383 855 4441 erat,
870 4386 894 4429 et
907 4375 1006 4443 reuisit.
1023 4373 1080 4429 Non

288 4460 371 4533 enim,
387 4459 484 4530 inquit,
504 4462 613 4518 attende
627 4464 780 4533 praesentia,
794 4464 842 4520 sed
862 4464 958 4535 prioris
972 4465 1082 4520 calami-

287 4550 352 4603 tatis
366 4550 574 4621 magnitudinem
590 4553 730 4609 considera
745 4572 752 4609 ε
768 4552 879 4618 iratrem
891 4553 1013 4620 intueris,
1027 4569 1080 4611 non

287 4640 404 4695 alienum
418 4659 424 4694 :
439 4642 472 4697 ad
487 4652 590 4727 patrem
603 4659 728 4700 resersus
738 4652 789 4711 est,
805 4644 850 4716 qui
863 4644 981 4715 priorum
993 4659 1027 4710 ne
1040 4644 1094 4699 sel.

289 4732 429 4789 minimum
440 4735 575 4793 recordari
592 4745 697 4807 potest;
713 4739 798 4809 magis
813 4753 980 4811 serenorum
993 4736 1080 4793 solnm

1113 540 1303 603 clementiam,
1318 518 1510 605 indulgentiam
1529 518 1635 584 tr'alrere
1653 529 1765 595 possunt
1778 518 1904 591 genitori·

1114 632 1164 689 bus
1177 626 1416 686 accommodatam.
1430 622 1576 692 Propterea
1590 630 1643 671 non
1655 628 1714 684 quar
1735 610 1807 676 lecit,
1821 608 1904 673 dixit,

1115 720 1162 777 sed
1173 735 1232 791 quae
1248 732 1343 789 passus
1355 723 1396 772 est
1411 732 1419 769 2
1434 728 1488 769 non
1509 698 1580 781 quod
1595 703 1771 763 substantiam
1794 699 1907 768 dissipa-

1116 812 1194 877 verit,
1210 809 1342 873 meminit,
1366 805 1412 862 sed
1430 804 1501 876 quod
1524 798 1673 857 innumeris
1685 792 1853 849 condictatus
1874 790 1910 843 sit

1116 905 1203 961 malis.
1219 902 1263 959 Stc
1275 910 1391 958 etonem
1411 905 1487 951 tanto
1505 892 1594 949 studio
1608 887 1746 966 qnaesivit,
1767 883 1811 940 rel
1828 880 1909 937 ctiam

1116 978 1214 1066 majori
1231 1010 1237 1048 :
1259 990 1303 1047 lric
1320 989 1391 1046 enim
1406 987 1464 1058 ipse
1478 983 1558 1041 rediit
1579 981 1659 1045 lilius,
1681 976 1736 1032 illic
1747 983 1839 1029 autem
1854 970 1913 1042 ipss
2008 1020 2013 1033 ,

1118 1088 1183 1143 abiit
1209 1068 1314 1157 pastor,
1336 1071 1366 1139 et
1388 1078 1527 1137 inveniens
1550 1072 1673 1137 redusit,
1693 1076 1720 1125 et
1743 1067 1848 1121 laetatus
1871 1067 1914 1117 est

1119 1192 1199 1249 super
1222 1191 1254 1232 ea
1277 1174 1378 1245 magis,
1403 1168 1487 1243 quam
1507 1180 1587 1237 super
1611 1160 1725 1225 cacteris,
1749 1170 1810 1227 quae
1832 1152 1916 1209 salsae

1120 1278 1205 1327 crant.
1222 1268 1290 1325 vide
1301 1275 1389 1323 autern
1404 1258 1540 1334 quomodo
1553 1252 1679 1312 reduxit:
1693 1264 1745 1305 non
1760 1242 1916 1316 flagellarit,

1120 1360 1168 1417 sed
1189 1359 1279 1416 serens
1302 1355 1422 1413 humeris
1435 1362 1530 1408 rursus
1548 1346 1623 1419 gregi
1640 1340 1757 1403 reddidit
1770 1336 1847 1411 (luc.
1868 1334 1916 1391 l5.

1120 1453 1148 1515 ,1.
1163 1451 1203 1522 u).
1215 1449 1278 1505 llmc
1290 1448 1371 1519 igitur
1384 1443 1586 1513 intelligentes,
1600 1450 1654 1491 non
1674 1430 1755 1487 modo
1772 1446 1786 1482 a
1798 1425 1918 1483 redemi-

1123 1543 1192 1597 tibns
1205 1555 1260 1597 non
1278 1538 1362 1594 auerti
1380 1537 1474 1601 Derim,
1490 1529 1538 1588 sed
1557 1531 1607 1585 lroc
1620 1540 1673 1582 non
1690 1520 1786 1579 minori
1800 1533 1864 1575 cum
1874 1516 1921 1587 ju·

1122 1630 1276 1697 canditate,
1297 1611 1377 1699 quam
1392 1626 1464 1695 ipsos
1478 1621 1524 1693 qui
1544 1627 1618 1679 recte
1636 1630 1666 1671 se
1684 1610 1827 1685 gesserint,
1849 1606 1916 1663 reci·

1123 1737 1202 1795 pere:
1214 1736 1264 1776 nee
1274 1718 1456 1788 modopoenas
1471 1728 1524 1770 non
1535 1710 1653 1780 exigere,
1664 1704 1712 1761 scd
1722 1702 1756 1758 ad
1767 1698 1922 1757 errantium
1986 1720 1991 1727 ·

1123 1813 1322 1887 inquisitionem
1337 1807 1469 1881 proliclsci
1486 1824 1494 1861 ε
1510 1798 1541 1863 ac¹
1560 1802 1595 1857 de
1609 1794 1652 1855 bis
1673 1795 1788 1866 repertis
1803 1790 1926 1861 amplius

1124 1907 1238 1983 gaudet,¹
1250 1918 1329 1975 ortam
1340 1901 1374 1958 de
1383 1897 1489 1957 ceteris
1500 1904 1558 1952 tuto
1566 1894 1592 1949 in
1602 1894 1662 1948 loeo
1671 1882 1925 1960 perseverantibusa

1125 1998 1176 2070 ipsi
1198 2010 1286 2067 neque
1308 1992 1385 2049 malis
1409 1989 1508 2053 obruti,
1531 2000 1606 2057 spem
1629 1983 1805 2053 deponamus,
1834 1988 1926 2045 neque

1125 2090 1205 2146 bonis
1216 2087 1394 2149 abundantes,
1408 2080 1595 2145 confidamusa
1607 2074 1655 2131 sed
1668 2082 1695 2129 ει
1709 2082 1770 2127 cunr
1785 2077 1858 2124 recte
1871 2080 1927 2119 nos

1125 2179 1308 2253 gesserimus,
1322 2177 1478 2241 timeamus,
1493 2179 1522 2225 ει
1535 2186 1570 2225 no
1585 2182 1634 2237 per
1644 2150 1832 2220 conddontiam
1848 2155 1933 2213 laba=

1127 2288 1200 2339 mur,
1215 2280 1242 2327 et
1255 2279 1283 2325 ut
1297 2270 1363 2340 lapsi
1375 2264 1558 2340 poerritentinm
1572 2265 1692 2332 agamus.
1706 2254 1782 2325 Quod
1797 2252 1868 2307 onim
1878 2249 1926 2305 in·

1128 2365 1233 2435 cipiens
1245 2362 1310 2429 dixi,
1325 2370 1353 2416 et
1367 2373 1437 2415 nunc
1450 2358 1529 2423 dico,
1547 2355 1600 2410 drro
1614 2352 1672 2407 lunc
1687 2368 1695 2405 ι
1710 2355 1824 2403 stantem
1839 2338 1930 2399 corod-

1128 2456 1211 2520 dere,
1237 2463 1264 2511 et
1292 2454 1436 2523 desperare
1456 2448 1604 2520 jacentem,
1625 2441 1805 2514 proditionem
1829 2432 1937 2491 salutis.

1129 2556 1228 2604 nostrae
1243 2561 1313 2603 esse.
1328 2545 1534 2614 Quarestantes
1547 2538 1682 2595 cautiores
1697 2532 1813 2589 reddens
1825 2527 1930 2584 Paulus

1129 2640 1206 2705 dicit,
1225 2638 1276 2703 Qui
1292 2654 1318 2691 ae
1330 2645 1403 2708 putat
1414 2643 1492 2699 stare,
1508 2631 1591 2687 uideat
1608 2646 1639 2683 ne
1659 2626 1742 2681 cadat.
1763 2623 1798 2679 Et
1816 2624 1935 2679 iterum..

1129 2732 1218 2788 Timeo
1242 2748 1274 2786 ne
1297 2734 1364 2802 sorte
1389 2728 1447 2783 aliis
1471 2724 1614 2797 predicans
1640 2721 1695 2791 ipse
1719 2714 1839 2789 reprobus
1864 2712 1931 2783 liam

1131 2821 1202 2896 (Cer.
1218 2821 1261 2877 tu.
1277 2820 1305 2875 1.
1320 2830 1348 2875 ει
1359 2820 1388 2875 9.
1401 2816 1449 2888 1“1)
1467 2834 1474 2870 :
1489 2816 1609 2886 iacentes
1623 2819 1711 2864 autem
1727 2807 1844 2878 crigens,
1854 2812 1881 2858 et
1894 2802 1931 2857 ad

1130 2911 1243 2991 ulterius
1265 2909 1385 2965 excitans
1408 2904 1543 2964 studium,
1568 2898 1761 2957 teslidcabatur
1782 2892 1942 2951 Corinthiis.

1130 3004 1170 3059 sic
1184 3002 1316 3064 scribens,
1333 2999 1375 3055 Ne
1386 3004 1451 3071 [orte
1465 2996 1558 3051 mreltoa
1573 2994 1691 3065 defleam,
1707 2991 1750 3062 pai
1764 2995 1823 3043 ante
1834 3002 1929 3057 pecca-

1132 3103 1229 3159 rerum,
1244 3104 1267 3147 et
1286 3090 1458 3163 paenitentiam
1471 3103 1521 3143 non
1537 3093 1641 3157 egeant
1661 3082 1699 3153 (1.
1714 3078 1774 3136 Cor.
1795 3076 1840 3134 11.
1854 3076 1902 3147 11)
1921 3094 1931 3131 r

1132 3185 1277 3243 ostendens
1292 3199 1345 3239 non
1361 3190 1413 3237 tam
1429 3186 1587 3252 peccantes,
1603 3188 1681 3247 qrrom
1696 3186 1749 3229 non
1767 3170 1943 3243 poerritentcs.
1959 3242 1968 3251 ⁸
2045 3198 2046 3237 ,

1132 3279 1226 3350 dignos
1240 3275 1365 3349 lacrymis
1378 3288 1447 3330 esse.
1465 3272 1498 3328 Et
1509 3267 1638 3342 propbeta
1650 3265 1683 3322 ad
1696 3265 1805 3321 eosdem
1820 3280 1826 3319 :
1844 3260 1933 3316 Num·

1132 3372 1194 3442 qaid
1206 3370 1250 3437 prii
1263 3368 1342 3431 cadit,
1356 3382 1406 3421 εεε
1420 3361 1544 3437 resurgit,
1558 3369 1603 3414 aut
1616 3374 1719 3416 auersus
1732 3372 1781 3410 εοε
1795 3353 1933 3409 reuertitur

1134 3462 1199 3535 (der.
1214 3460 1240 3517 8.
1257 3460 1304 3531 ili
1317 3460 1405 3528 Quare
1426 3464 1453 3512 et
1466 3453 1575 3532 eosdem
1591 3450 1736 3507 exhortans
1754 3446 1836 3503 llasid
1849 3444 1939 3512 dicit,
2045 3480 2046 3511 ,

1135 3552 1220 3609 lindie
1236 3552 1258 3607 si
1272 3566 1357 3605 uocem
1370 3550 1426 3615 eius
1446 3545 1598 3609 audieritis,
1616 3542 1695 3596 nolite
1709 3538 1835 3594 obdurare
1851 3535 1935 3590 eorda

1133 3651 1214 3697 uestra
1233 3641 1298 3695 sicut
1319 3640 1346 3694 in
1362 3635 1550 3693 exacerbatione
1569 3631 1656 3703 (Ptol.
1676 3630 1720 3686 91.
1738 3629 1777 3700 8).
1798 3625 1936 3694 Quamdiu

1130 3734 1216 3815 igitur
1229 3732 1305 3787 bodie
1324 3730 1431 3791 dicitur,
1448 3742 1483 3783 ne
1499 3726 1617 3780 animum
1637 3718 1868 3790 despondeamus:
1883 3716 1935 3771 sed

1133 3826 1231 3883 bonam
1244 3823 1270 3879 in
1287 3822 1399 3877 Domino
1410 3833 1485 3889 spem
1497 3816 1636 3881 liabentes,
1649 3822 1675 3867 ει
1688 3812 1796 3882 pelagus
1807 3808 1867 3879 ejus
1877 3806 1935 3863 cle·

1134 3917 1241 3973 mentire
1254 3898 1449 3985 recogitantes,
1465 3922 1572 3963 omnem
1587 3902 1778 3960 conscientiam
1794 3898 1936 3956 excutien-

1135 4017 1176 4064 tes
1189 4008 1284 4063 malam
1298 4004 1381 4060 multa
1401 4016 1462 4056 cum
1475 4013 1523 4071 spe
1538 3994 1728 4068 propositoque
1747 3990 1944 4047 adlraereamus

1135 4098 1245 4164 uirtuti,
1261 4107 1294 4153 et,
1303 4094 1487 4167 poenitentiam
1501 4089 1629 4160 majorem
1643 4086 1669 4141 in
1685 4083 1792 4140 modum
1805 4080 1936 4137 ostenda·
1957 4122 1960 4127 1

1137 4204 1207 4258 mus,
1222 4196 1251 4243 ut
1262 4187 1304 4242 lric
1315 4186 1437 4242 universa
1448 4164 1613 4253 deponentes
1625 4183 1733 4248 peecata
1744 4172 1827 4228 multa
1839 4168 1942 4225 inducia.

1134 4264 1225 4339 coram
1240 4279 1339 4335 Christi
1362 4275 1487 4333 tribunall
1503 4282 1574 4329 stare
1594 4268 1744 4341 possimus,
1768 4278 1937 4335 regulumque

1135 4374 1262 4431 cetorum
1281 4368 1419 4441 consequi.
1437 4365 1519 4436 Cujus
1533 4377 1628 4418 omnes
1646 4374 1695 4415 nos
1717 4356 1859 4428 participes
1878 4354 1937 4410 deri

1135 4465 1287 4534 contingat,
1312 4460 1399 4531 gratia
1421 4467 1448 4515 et
1467 4450 1608 4513 clementia
1632 4449 1739 4506 Domini
1761 4447 1845 4503 nostri
1871 4444 1937 4501 lesu

1135 4552 1252 4619 Christi,
1280 4552 1325 4623 qui
1348 4566 1409 4605 cum
1431 4546 1523 4612 Patri,
1549 4543 1681 4613 simulque
1704 4546 1798 4599 sancto
1824 4536 1937 4607 Spiritui

1135 4645 1230 4729 gloria,
1252 4642 1406 4711 imperium,
1421 4648 1448 4695 et
1470 4638 1567 4704 bonor,
1589 4640 1700 4688 nuncet
1720 4644 1843 4700 seraper,
1865 4638 1893 4683 et
1911 4628 1942 4682 in.

1133 4736 1234 4813 'meula
1247 4732 1417 4817 saecolorum.
1432 4732 1528 4785 Amen.

291 4826 1925 4862 W

869 4922 938 4995 nn
972 4910 1325 5002 emmennone,

480 5102 488 5115 ·
588 5092 628 5135 se
643 5092 683 5135 ns
700 5092 861 5137 mossarum
885 5091 975 5136 neers
995 5090 1133 5145 sensas,
1149 5088 1189 5131 ετ
1210 5088 1251 5130 me
1272 5086 1351 5133 sons
1372 5084 1538 5130 rnoensrs
1561 5066 1602 5149 (a)

608 5316 763 5359 munstar.

308 5395 353 5494 Ι1,.
369 5392 480 5450 Vidistis
499 5393 632 5465 superiori
659 5319 796 5451 bouriiica
817 5402 935 5467 pargnam
946 5381 979 5453 'et
1000 5396 1085 5453 uicto·

292 5497 375 5551 nam,
399 5499 515 5555 pungnam
545 5485 653 5557 quidem
687 5486 805 5559 diaboli,
831 5488 969 5543 victoriam
995 5496 1085 5544 antem

239 5623 244 5634 ,
280 5572 531 5665 ,(Σιείειίζείεἰειὶε,
546 5585 575 5632 ει
584 5578 740 5647 pmuitentia
750 5578 913 5647 laudaretur,
925 5588 952 5635 et
961 5577 1084 5635 diabolus

298 5720 302 5728 ·
321 5708 359 5779 (ε)
374 5705 464 5780 collata
474 5722 530 5758 cnm
541 5718 595 5761 ttss.
611 5720 669 5775 neg.
691 5712 760 5771 1818,
774 5714 843 5774 1819,
862 5712 1084 5776 1831111111εο

291 5768 388 5819 borrrrlta
400 5776 499 5819 tertrum
508 5771 586 5821 locum
594 5775 690 5825 obtinet
699 5779 724 5825 in
734 5775 828 5827 salillo.

1143 5303 1246 5375 plagam
1262 5317 1314 5357 non
1329 5302 1425 5366 lerret,
1439 5300 1487 5355 sed
1504 5297 1649 5368 trepidaret
1668 5303 1696 5352 et
1715 5294 1856 5352 horreret?
1870 5292 1938 5361 Quid

1140 5396 1229 5465 times,
1244 5408 1260 5449 o
1273 5394 1392 5462 diabole,
1408 5392 1472 5449 dum
1487 5391 1641 5463 poerritemia
1657 5386 1797 5455 laudatur?
1810 5386 1874 5457 arsid
1889 5401 1938 5457 ge-

1138 5486 1208 5545 misl
1223 5486 1413 5561 quidborres?
1427 5484 1521 5539 llerito
1535 5496 1610 5548 sane,
1626 5478 1722 5551 inqrrlr,
1740 5491 1818 5549 gemo
1830 5484 1858 5531 et
1870 5475 1941 5531 alili·

1137 5597 1185 5654 gor
1197 5598 1203 5636 ι
1216 5578 1383 5651 magnamini
1394 5594 1456 5634 vasa
1470 5577 1555 5646 rapuit
1567 5572 1721 5647 proenitentin
1735 5571 1797 5625 ista.
1807 5568 1938 5637 Quaenam

1137 5674 1183 5729 illa
1209 5672 1314 5728 tandem
1326 5672 1340 5743 l
1360 5670 1542 5733 lleretrieern,
1573 5664 1760 5737 publicanum,
1784 5662 1932 5716 latronem.

1033 5832 1040 5849 ι
1136 5764 1331 5833 blasphemum.
1347 5762 1490 5819 Enimvero
1508 5758 1589 5816 multa
1611 5770 1672 5813 vasa
1697 5753 1754 5826 ejus
1775 5751 1835 5807 sine
1854 5750 1936 5805 dnbm
