4142 6342
126 234 186 294 899

125 358 204 398 mam
216 355 289 394 snam
305 351 352 408 pro
362 339 453 393 oribus
469 339 556 409 (laura.
575 339 614 394 to.
627 341 681 408 ll.)
696 355 747 395 non
761 342 918 396 necessitate

127 413 242 482 aliqua,
258 421 285 464 ut
302 409 356 479 jam
371 409 436 476 dixi,
458 411 504 465 sed
528 411 577 464 hoe
600 411 732 480 negotium
759 411 918 478 suscipiens.

127 482 313 550 Quarcmnaue
327 481 398 534 eninr
413 481 536 536 bructeri
555 480 626 534 cultu
641 483 708 534 laeta
725 489 796 547 snut,
811 480 838 534 in
858 481 922 534 Ser·

128 561 253 606 autorem
277 549 459 604 reducuntur:
481 552 538 604 sire
554 550 707 618 prophetia,
723 551 779 605 sire
796 550 921 604 sacerdo-

130 621 214 686 tium,
229 619 285 673 sire
299 633 426 689 regnum,
442 620 498 674 sire
510 619 648 688 templum,
669 619 725 674 sire
743 621 845 686 altare,
867 621 923 675 sire

129 691 232 753 velum,
248 688 304 742 sire
322 702 401 753 arca,
417 689 474 743 sire
489 689 718 758 propitiatorium,¹
734 691 791 744 sive
804 704 921 755 manna;

128 775 190 811 stre
205 759 287 828 virga,
299 758 355 812 sire
368 771 444 821 urna,
461 761 518 813 sive
528 757 660 829 quidpiam
677 758 776 825 aliud¹,
793 759 881 813 omnia
896 760 922 813 in

131 828 223 897 ipsum
236 830 394 882 tolerantur.

167 895 220 950 Cur
238 895 308 950 Deus
326 896 423 949 lucinis
444 896 569 958 sacrificia
590 897 718 950 concurri.
732 923 767 936 -
785 897 925 953 Concussit

34 1019 35 1022 ,
132 967 208 1020 enlru
219 965 393 1020 Derrsludais
404 965 436 1018 ab
449 967 522 1018 initio
534 966 720 1021 saerilleiourm
734 967 922 1033 ministerium,

134 1051 190 1088 rtrrn
203 1036 272 1104 quud
287 1035 380 1089 hostiis
395 1037 583 1102 acartiesceret,
596 1036 641 1088 sed
655 1044 684 1089 ut
697 1051 743 1088 eos
757 1051 771 1088 a
787 1038 922 1105 gemilium

34 1145 35 1166 2
130 1105 365 1172 superstitionibus
380 1103 515 1158 'aueller-et.
531 1105 595 1159 lnde
608 1118 671 1158 vero
684 1119 745 1159 curn
760 1106 819 1158 illas
831 1105 924 1160 duxis-

34 1211 35 1222 .
132 1174 221 1227 setall
236 1188 267 1228 err
288 1189 346 1239 artae
361 1175 417 1241 ipse
431 1175 526 1236 vellet,
544 1174 567 1228 ld
583 1175 633 1226 sibi
649 1175 697 1242 ipsi
712 1176 836 1242 apponit,
849 1175 922 1244 arrad

132 1244 245 1297 ntirrime
258 1243 321 1298 vult.
335 1243 399 1308 Quia
415 1243 484 1295 euim
501 1258 576 1297 mens
597 1242 747 1296 lndaearrrnr
761 1244 922 1312 spiritualem

34 1349 36 1380 z
81 1339 83 1342 ·
130 1313 315 1382 operationem
329 1311 445 1365 nondum
459 1313 592 1380 suscipere
608 1319 720 1380 parerat,
735 1314 781 1366 sea
798 1313 824 1366 iu
839 1317 924 1368 serri-

34 1423 36 1440 .
132 1391 217 1435 tutem
229 1380 366 1448 gentilium
380 1381 597 1435 consuetudinum
610 1380 722 1434 deducta
738 1391 805 1449 emt,
819 1385 923 1450 arisrpre

130 1459 161 1505 et
176 1451 292 1504 vietiuris
312 1449 446 1512 inhiabat,
462 1451 577 1520 acceptis
593 1451 660 1506 lleus
683 1452 813 1506 idolorum
830 1453 925 1507 hstiri-

133 1519 253 1580 tatibus,
270 1519 303 1574 ad
320 1519 427 1588 pletatis
442 1519 520 1572 ritum
547 1522 616 1589 ipsas
637 1519 768 1585 traduxit,
791 1531 869 1588 atque
882 1539 921 1594 ,eu

132 1587 203 1654 lert,
227 1604 286 1656 tprae
309 1589 358 1641 sibi
381 1590 489 1642 minime
512 1589 623 1658 placent.
650 1590 681 1642 tir
703 1591 922 1668 queuragdnrodum

34 1703 37 1736 ἰ
133 1658 221 1711 banus
245 1667 319 1738 pater
338 1672 398 1712 earn
419 1657 498 1711 hlium
516 1659 588 1713 ridet
611 1659 716 1713 ludicris·
739 1671 924 1718 vacarrtem.a

133 1726 194 1780 loro
209 1726 315 1795 arudem
328 1728 413 1795 ipsum
429 1735 516 1788 arcet,
532 1728 602 1780 durni
618 1743 680 1782 tero
699 1730 731 1782 atl
747 1729 849 1784 lrblrum
864 1745 923 1784 am-

133 1795 177 1848 nia
194 1797 279 1848 tacere
293 1797 438 1864 permittit;
453 1807 531 1864 atque
547 1799 581 1850 ita
597 1798 670 1851 illurn
685 1798 710 1850 iu
725 1797 822 1852 decora
834 1809 925 1852 eusto-

133 1863 190 1929 dit,
204 1873 231 1918 et
247 1864 318 1917 lusus
334 1865 499 1919 insolentiam
514 1867 631 1920 eliruiuat
649 1884 655 1920 :
674 1868 710 1920 ita
724 1882 829 1936 tprorpre
845 1869 923 1933 heus,

134 1947 197 1986 curn
213 1933 291 1987 vellet
306 1933 364 1987 illus
383 1935 417 1988 ab
432 1934 580 2002 hujusmodi
605 1935 730 1989 lestorrun
750 1937 925 1992 conventibus

135 2002 169 2055 ad
185 2003 307 2070 pietatem
328 2003 511 2069 cuulormare,
526 2005 655 2059 sacrihcia
675 2007 823 2068 noncessit,
839 2007 925 2060 altare

131 2071 219 2135 dedit,
232 2085 294 2125 ores
311 2072 446 2125 immolare
458 2073 533 2140 jussit
550 2085 575 2126 et
589 2089 694 2140 capram
709 2086 732 2124 et
748 2074 853 2138 bovem,
867 2089 925 2126 ont·

136 2141 232 2208 triaque
247 2140 334 2194 lacere
349 2157 406 2208 ame
422 2142 485 2209 ipsis
498 2143 623 2211 voluptati
635 2150 732 2196 essent.
750 2141 840 2210 Neque
851 2143 924 2208 enirn

136 2210 220 2264 Dcntn
235 2209 291 2262 hauc
304 2209 481 2263 oblectatum.
850 2225 854 2238 ’

169 2279 197 2333 9
217 2277 292 2345 Quod
313 2287 400 2331 autern
417 2277 527 2332 h'rcex
549 2277 746 2348 dispensatione
771 2278 838 2334 iacta
859 2280 923 2347 sint,

132 2351 195 2404 andi
210 2347 344 2418 utromodo
358 2347 397 2408 is,
413 2349 457 2416 qui
471 2362 520 2416 per
534 2346 650 2415 iluysem
667 2349 795 2402 sacriticia
811 2362 924 2402 eonces-

135 2420 186 2482 sit,
209 2429 235 2472 et
247 2416 335 2470 uarias
349 2417 512 2470 rietinrarrnn
528 2417 630 2483 species
650 2415 740 2469 alhuri
759 2418 854 2486 jussit,
879 2434 926 2488 per

66 2518 68 2521 ν
133 2488 280 2556 propbetas
294 2495 395 2540 exertat
408 2501 438 2538 ea
451 2500 512 2554 aare
530 2500 562 2538 ex
585 2488 756 2538 concessione
769 2487 925 2542 allicieban-

136 2567 189 2623 tur,
205 2556 348 2612 osteadens
363 2569 392 2610 se
406 2555 438 2610 iis
453 2563 586 2625 tamquam
600 2555 744 2611 iulamihus
761 2556 802 2612 lac
817 2573 925 2614 aorrces·

136 2629 218 2690 sisse,
241 2641 293 2679 nou
310 2627 397 2680 cibum
413 2626 527 2680 dedisse.
543 2627 586 2680 aa
605 2628 702 2695 quippe
718 2641 764 2696 per
779 2629 924 2685 Davidem:

136 2695 215 2759 aaut,
231 2694 339 2765 populus
351 2713 430 2759 arena,
444 2705 466 2749 et
480 2696 568 2763 loquar
582 2697 642 2760 tibi,
660 2695 757 2756 larrrel,
770 2707 793 2752 et
806 2701 926 2766 testifica·

137 2765 182 2818 bar
195 2766 248 2826 tibi,
265 2766 323 2834 arria
338 2763 421 2828 licus,
435 2765 503 2819 Deua
516 2776 573 2818 tuus
587 2783 710 2837 srrurepo.
728 2765 789 2820 Non
810 2769 836 2822 in
848 2769 927 2822 sacri·

137 2835 201 2902 ficiis
214 2835 262 2887 ruia
274 2849 380 2904 arguunt
393 2843 425 2898 tc,
440 2835 586 2888 holocausta
598 2845 681 2888 ararem
695 2848 737 2890 tua
752 2838 778 2890 iu
791 2849 926 2907 conspectu

137 2919 191 2957 areo
205 2913 262 2956 ruat
276 2919 382 2974 routper.
403 2903 460 2957 Non
483 2906 604 2976 accipiam
626 2907 657 2958 de
670 2905 743 2960 danto
763 2917 806 2959 tuu
821 2909 923 2973 vituios,

137 2989 216 3035 rtearre
227 2973 258 3026 dc
270 2973 387 3043 gregibus
401 2975 449 3026 tuit
464 2975 546 3027 hircos
561 2973 650 3044 (aaut
664 2975 708 3029 49.
724 2975 772 3029 7·9
781 2978 801 3046 ).
816 2976 853 3031 Ne
867 2978 926 3056 quis

137 3057 200 3095 aero
219 3051 290 3109 putet
304 3057 364 3096 euru
386 3052 551 3098 aversantem
568 3060 619 3096 rum
636 3045 791 3113 admittere,
812 3049 927 3116 expltcat

137 3111 256 3171 rhodum,
270 3111 340 3180 rpuod
355 3113 455 3166 seilicet
468 3125 519 3165 non
535 3113 566 3165 iis
580 3127 647 3181 opas
663 3113 767 3178 habeat,
789 3130 841 3168 uon
855 3115 926 3185 quod

139 3181 204 3234 uelit
217 3180 306 3236 «afferri
316 3184 345 3245 ¹,
362 3191 390 3236 ct
408 3181 649 3252 intermittuntque
665 3185 821 3237 urarrducnbo
839 3201 926 3239 curaer

139 3259 283 3312 taurorum,
306 3261 350 3305 aut
364 3251 511 3320 sanquinem
532 3249 658 3304 hircorum
681 3254 795 3321 potabo?
816 3251 927 3308 lnrmolu

139 3317 192 3372 Deo
214 3321 367 3387 sacrificium
391 3319 491 3382 laudis,
512 3330 535 3374 et
556 3323 631 3375 redde
653 3321 780 3376 dltlxainro
805 3334 862 3377 uota
883 3335 927 3378 tua

138 3387 150 3458 (
159 3386 228 3440 Paul.
241 3389 286 3444 49.
299 3391 341 3445 lb.
356 3388 407 3512 tt)
420 3407 427 3443 ε
442 3389 580 3444 declarans
595 3407 624 3444 se
639 3408 691 3444 nan
703 3403 868 3446 aversantem
882 3409 926 3448 re·

136 3458 234 3525 jieare,
250 3459 295 3512 sed
311 3473 385 3514 casa
420 3457 556 3512 meliorem
570 3469 597 3514 et
612 3461 775 3528 spiritualem
790 3465 923 3516 victirrram

140 3527 424 3584 euocareucoucessa
446 3528 525 3597 igitur
546 3529 689 3594 antinoitas
710 3531 854 3596 sacrificiu,
873 3547 925 3586 uon

139 3595 208 3664 (prm
223 3599 373 3664 plaeereut;
390 3596 436 3651 sed
451 3609 478 3650 ιιι
497 3597 559 3662 eos,
577 3599 620 3666 rpri
643 3601 682 3652 sic
697 3600 789 3652 initiati
809 3601 923 3669 lucrant,

140 3663 172 3716 ad
186 3666 309 3732 pietatem
323 3665 532 3721 transformaret.
547 3667 612 3720 llum
628 3669 763 3736 proposito
774 3669 924 3725 luda-orum

139 3733 302 3804 indulgeret,
325 3744 415 3806 utpote
429 3737 535 3805 sapiens
557 3747 584 3790 et
606 3752 732 3806 maguus,
749 3741 773 3791 in
790 3741 844 3809 ipsa
861 3755 924 3794 cou-

139 3804 259 3858 cessioue
273 3806 464 3859 saerillciorum
478 3807 618 3874 imaginem
634 3807 780 3860 tuturnrum
795 3823 926 3877 pra-para-

140 3873 193 3938 bat,
208 3885 236 3927 ιιι
249 3874 271 3928 si
286 3874 445 3928 sacrificium
459 3888 506 3942 per
520 3891 548 3926 se
563 3873 654 3928 inmite
667 3889 754 3940 esser,
771 3891 818 3946 pur
832 3879 926 3947 laragi-

141 3955 199 3996 uem
222 3943 285 3996 utile
306 3943 476 4012 reperiretur.
500 3943 625 3995 bnirrrruu
648 3943 787 4012 diligenter
807 3946 925 4002 adhibe:

139 4011 235 4065 suluile
250 4027 363 4081 reatuque
376 4019 418 4067 est
432 4011 481 4064 boc
494 4011 648 4080 cogitatum.
668 4013 785 4068 llictiune
802 4016 855 4068 beo
867 4031 928 4085 gra-

34 4081 35 4110 r
131 4088 171 4133 ue
187 4097 238 4134 uou
253 4090 347 4146 ararat,
369 4097 417 4138 uec
430 4097 462 4134 ex
475 4080 556 4134 anirui
568 4081 722 4145 seruantia,
738 4085 784 4139 sed
802 4101 848 4152 per
860 4101 925 4140 cou-

139 4150 285 4205 cesstuuem
310 4153 384 4206 laetae
409 4169 415 4205 :
440 4151 523 4220 iispue
546 4151 655 4222 liguram
678 4163 757 4221 arque
784 4155 926 4226 imaginem

140 4219 232 4273 iunrrae
246 4221 344 4274 Christi
367 4220 556 4275 iucarnationis
571 4223 740 4290 impresserat
755 4223 840 4290 Deus,
861 4235 890 4278 ut
903 4226 926 4280 si

128 4303 188 4340 'uon
212 4305 259 4357 per
281 4305 309 4343 se
322 4299 422 4362 granu,
447 4291 540 4345 salteru
556 4306 604 4360 per
617 4306 769 4361 expressam
785 4294 926 4366 irrrugiuear

129 4371 252 4426 acceptat
275 4359 371 4414 iurent.
398 4361 448 4414 l‘er
469 4375 562 4414 oumes
583 4371 656 4416 certe
670 4361 769 4417 Christi
785 4363 925 4434 iruagincm

139 4428 279 4495 exprimit,
295 4439 323 4485 et
337 4430 422 4483 lutrrra
438 4429 586 4485 adumbrat.
607 4429 682 4486 Licet
702 4433 759 4486 oris
782 4447 926 4504 essetque

140 4497 340 4562 irrrrrrulabatrrr,
366 4501 453 4569 imago
476 4509 562 4554 tamen
587 4499 755 4568 Serratoris;
781 4503 842 4558 lieet
866 4505 924 4572 bns,

124 4567 354 4636 tetragammum
376 4570 435 4623 licet
458 4569 572 4632 vitulus,
597 4571 654 4625 sive
675 4586 767 4634 vacca,
790 4577 845 4629 sure
863 4576 926 4644 quid

138 4635 206 4690 aliud
223 4651 316 4692 corum
331 4655 390 4709 auae
403 4639 525 4693 solebant
537 4638 635 4704 ollerri,
649 4641 705 4694 sive
721 4643 854 4708 columba,
870 4645 927 4699 sire

139 4714 232 4772 turtur,
244 4707 335 4764 omnia
347 4707 380 4762 ad
393 4707 561 4763 Servatorem
576 4709 766 4764 reserebantur.
783 4712 844 4766 ldeo
858 4723 926 4767 teru-

139 4776 208 4844 plum
223 4785 298 4840 erat,
315 4787 342 4832 ut
356 4779 444 4848 imago
466 4787 660 4848 praepararetur
673 4780 799 4834 dominici
815 4783 903 4852 templi
916 4799 924 4848 ;

139 4845 196 4898 ideo
210 4847 278 4912 ovis,
295 4848 354 4901 idea
367 4847 507 4914 sacerdos,
524 4849 584 4902 ideo
596 4848 693 4903 velunt.
708 4849 746 4904 Ne
760 4866 823 4904 verra
838 4855 923 4906 minu·

140 4915 210 4967 ratim
226 4918 355 4984 prolixius
370 4919 472 4986 lorpuar,
496 4918 680 4986 praedictorum
695 4920 865 4989 interpretem
880 4937 925 4977 ae-

139 4985 194 5052 cipe
217 4985 341 5050 Paulurrr,
367 4987 412 5057 qui
435 4987 501 5041 nihil
522 4999 596 5042 extra
615 4987 749 5045 Christum
765 5000 789 5044 te
807 4992 925 5062 'cogitare

139 5055 263 5122 permittit
275 5071 283 5120 ;
297 5059 344 5110 setl
356 5062 443 5110 onmia
457 5057 490 5112 de
502 5056 609 5113 Christo
621 5059 745 5127 explicat.
759 5059 826 5129 Quid
838 5063 926 5116 enimi

139 5121 202 5175 Corn
226 5123 344 5178 llebraeis
363 5127 443 5180 uellet
465 5142 598 5197 exponere
619 5129 807 5210 mysteriorum
828 5131 925 5186 discri-

126 5191 226 5258 mina,
242 5193 305 5262 qaid
323 5194 374 5249 sibi
391 5197 473 5250 vellet
484 5213 594 5263 nreusa,
610 5199 671 5266 quad
685 5200 784 5269 altare,
800 5201 862 5272 quid
877 5217 924 5256 re·

34 5275 36 5310 r
140 5259 208 5326 lurn,
231 5263 294 5333 quid
317 5265 462 5334 templum,
485 5267 548 5334 quid
568 5267 710 5332 sacerdos,
732 5273 882 5325 summatim
899 5273 924 5326 iu

128 5327 270 5386 ¹Christum
282 5334 372 5389 omnia
382 5334 473 5402 reiert,
486 5345 512 5390 et
524 5335 642 5389 ostendrt
655 5338 852 5395 tabernaculum
865 5356 925 5398 esse

169 5464 179 5556 i
194 5463 385 5525 Hoe'voeoe‘iiw
396 5463 521 5538 9944494949
532 5465 609 5524 (iliud,
622 5465 714 5516 desunt
722 5468 816 5532 intteg.

114 5642 118 5650 ,
138 5584 178 5634 tra
189 5525 433 5650 merwile
444 5528 554 5640 ,sm
560 5527 763 5652 iiiif,',',³,’,'²⁶'i¹’⁶
780 5543 844 5581 seeo
854 5543 924 5582 aa...

682 223 890 296 asportatam)
909 227 1063 304 PASTORE
1084 231 1128 285 st
1146 232 1223 288 tlte.

1708 247 1762 304 saa

976 351 1057 396 totam
1078 343 1147 399 bane
1167 348 1247 402 ritant
1263 345 1360 420 (lleir.
1377 350 1401 405 u
1415 362 1441 406 et
1458 353 1512 424 9),
1535 359 1581 412 sed
1600 359 1675 430 paics
1693 363 1759 420 ittet

975 413 1173 469 talreruaculnm
1184 416 1293 487 liguram
1307 420 1478 477 esschteris
1488 425 1649 485 'l'cttaraeuti
1674 433 1758 490 Cauri.

973 483 1019 546 att)
1033 499 1041 546 ;
1057 495 1147 538 sancta
1159 500 1222 539 reru
1234 499 1385 546 sanctorum
1398 491 1507 561 liguram
1520 510 1580 552 esse
1593 431 1761 561 barthesa-

974 552 1055 606 mcnti
1067 552 1158 620 (Lavit.
1170 555 1228 626 96).
1240 558 1364 614 buimont
1377 561 1484 624 aotrtbe.
1496 581 1597 634 queso,
1608 569 1759 642 diiigenter.

973 621 1112 705 Ternplum
1127 626 1232 696 quidem
1256 628 1318 683 illud
1343 647 1422 686 rauca
1446 637 1555 690 ornniuo
1576 650 1649 708 erat,
1671 644 1759 699 sedin

974 692 1024 745 aba
1040 700 1065 746 et
1077 695 1127 747 aha
1141 695 1272 761 dirisum;
1289 699 1315 751 in
1330 711 1466 766 sanctum,
1484 705 1509 758 iu
1522 718 1643 764 sanctum
1655 725 1760 768 saneta-

976 777 1045 814 rum.
1068 763 1163 831 Figura
1179 775 1235 839 erat
1259 770 1384 838 tempium
1399 771 1523 828 dominici
1541 780 1660 846 corporis
1678 798 1684 834 :
1699 785 1760 836 aurli

976 847 1039 886 uero
1060 833 1199 888 Dominum
1218 837 1350 893 dicentem
1372 858 1378 894 :
1400 841 1496 896 Solvite
1514 847 1634 913 templum
1654 852 1719 910 hnc,
1734 854 1760 905 in

975 901 1054 954 tribua
1066 902 1152 957 diebus
1166 905 1278 959 excitabo
1292 909 1357 962 illuri
1371 909 1469 977 (doau.
1483 913 1510 966 9.
1526 915 1559 970 ta
1568 918 1588 983 ).
1611 917 1685 973 Sicut
1697 937 1761 992 ergrr

976 971 1062 1025 inille
1076 975 1174 1043 templo
1188 976 1308 1044 quadarn
1323 978 1357 1032 ab
1371 983 1509 1048 omnihus,
1525 986 1644 1052 quaedam
1657 989 1692 1043 ab
1708 1006 1762 1045 unu

975 1049 1080 1095 surnrno
1099 1045 1236 1116 sacerdote
1256 1048 1435 1104 cernebantur
1451 1070 1457 1105 :
1471 1054 1509 1106 sic
1531 1063 1557 1108 et
1573 1055 1597 1110 irr
1613 1057 1762 1114 Servatoris

975 1112 1122 1166 oeeonrunia
1139 1115 1280 1181 divinitas,
1295 1129 1321 1170 et
1336 1122 1455 1182 operatio
1468 1123 1632 1190 diuinitatis,
1646 1143 1705 1197 quae
1718 1147 1763 1184 uc·

976 1181 1046 1235 culta
1057 1181 1163 1250 quidem
1176 1195 1244 1248 erat,
1256 1187 1302 1240 serl
1313 1188 1400 1257 palam
1415 1194 1583 1256 reprendatur.
1598 1195 1683 1251 llabes
1696 1207 1763 1252 tenr-

977 1249 1011 1320 pli
1027 1251 1168 1320 iuragiuem
1183 1272 1190 1306 :
1203 1255 1258 1324 janr
1268 1271 1362 1325 ,quaere
1375 1261 1491 1315 medium
1505 1263 1593 1318 relrrm
1606 1267 1676 1335 quod
1696 1268 1763 1322 diri-

976 1321 1055 1374 debat
1068 1331 1156 1376 sauata
1169 1337 1185 1377 a
1199 1332 1292 1379 sancto
1311 1329 1462 1383 sanctorum
1474 1373 1480 1391 ,
1494 1334 1573 1400 quale
1585 1337 1672 1389 uelum
1686 1346 1742 1390 crat
1755 1355 1762 1390 ε

976 1404 1068 1444 rursus
1080 1392 1166 1446 velum
1182 1403 1239 1448 erat
1259 1397 1345 1464 imago
1357 1402 1485 1466 eorporis.
1501 1401 1573 1456 Sicut
1590 1407 1659 1459 enirn
1674 1408 1762 1462 velum

976 1459 1063 1515 locum
1077 1460 1150 1514 illurn
1163 1478 1178 1515 a
1190 1464 1278 1519 medio
1292 1467 1434 1533 dividetur,
1448 1479 1476 1524 et
1487 1472 1664 1542 distinguebat
1676 1487 1764 1532 exter-

977 1545 1039 1583 num
1059 1542 1230 1600 conspectura
1242 1535 1275 1588 ab
1291 1537 1399 1590 internis
1424 1543 1556 1610 mysteriis
1579 1560 1585 1595 :
1606 1545 1644 1598 sic
1667 1561 1764 1612 corpus

977 1599 1081 1654 Domini
1097 1602 1183 1655 velum
1195 1612 1252 1657 erat
1272 1604 1433 1674 diuinitatis,
1449 1611 1517 1678 rprud
1537 1627 1589 1665 non
1603 1613 1765 1668 concedebat

978 1669 1104 1723 nrorcrles
1116 1673 1206 1726 oculos
1220 1673 1395 1729 immortalem
1410 1681 1550 1746 respicere.
1566 1681 1623 1736 Non
1635 1681 1712 1738 meus
1724 1694 1765 1738 est

977 1751 1076 1804 sermo,
1091 1739 1136 1793 aed
1149 1741 1210 1794 audi
1222 1742 1332 1797 Paulum
1345 1745 1476 1818 dicentem
1489 1765 1497 1802 :
1512 1749 1647 1818 Habentur,
1661 1747 1763 1824 frutices,

976 1807 1043 1858 or‘aut
1056 1824 1145 1861 nouam
1159 1819 1182 1862 et
1196 1813 1331 1878 uiuentem,
1346 1831 1421 1885 quatu
1439 1821 1566 1873 renouauit
1584 1824 1654 1875 uobis
1668 1840 1712 1891 per
1724 1838 1766 1876 ue«

977 1875 1049 1952 luur,
1064 1877 1092 1929 id
1102 1888 1155 1941 eat,
1170 1895 1270 1933 caruerat
1280 1883 1532 1947 'auant,.uccedaruua
1546 1890 1643 1958 (idedu.
1661 1893 1704 1946 ιθ.
1721 1893 1764 1948 ta.

976 1944 1012 1999 ab
1022 1947 1042 2014 ).
1055 1948 1169 2002 btteude
1180 1949 1330 2018 diligenter.
1347 1955 1379 2006 Et
1392 1957 1519 2022 templum
1530 1958 1632 2013 vocarit
1644 1976 1765 2024 caruem,

977 2024 1004 2067 et
1016 2015 1104 2069 velum
1128 2016 1237 2084 bguraur
1251 2021 1348 2073 caruis.
1365 2021 1465 2077 llursus
1484 2028 1609 2082 sacerdos
1631 2029 1764 2098 ingredie-

977 2081 1058 2136 batur
1072 2098 1120 2152 per
1135 2086 1222 2139 reluta
1237 2090 1319 2142 seruel
1335 2091 1361 2142 iu
1375 2105 1445 2146 auno
1460 2114 1467 2147 ε
1483 2109 1568 2164 neque
1581 2098 1631 2151 boe
1654 2109 1765 2168 praeter-

978 2151 1050 2204 misit
1062 2153 1174 2214 Paulus,
1190 2156 1236 2208 sed
1253 2156 1315 2209 illud
1329 2159 1425 2229 accipit
1439 2163 1464 2216 in
1479 2164 1589 2232 liguram
1604 2167 1764 2233 Seruaeus,

976 2225 1066 2289 altune
1082 2241 1089 2274 ε
1106 2222 1167 2275 Νοιι
1187 2224 1213 2276 iu
1234 2232 1378 2296 ruanusucta
1397 2241 1486 2284 carrata
1508 2236 1620 2289 introivit
1641 2235 1764 2302 Christus,

978 2291 1133 2360 euenrplurin
1145 2307 1276 2355 verorum,
1291 2298 1336 2348 sert
1347 2299 1373 2351 ia
1387 2298 1470 2368 ipsam
1484 2305 1587 2369 calum,
1602 2316 1630 2358 ut
1644 2317 1766 2374 appareat

977 2375 1044 2414 aune
1056 2361 1084 2414 iu
1096 2371 1230 2431 corrupectu
1246 2363 1293 2417 Dei
1306 2381 1353 2434 pro
1365 2370 1436 2422 aubia
1451 2369 1548 2440 (idedu.
1564 2374 1588 2427 9.
1603 2374 1671 2445 94).
1686 2375 1766 2432 Vides

978 2431 1153 2495 sacerdotem,
1166 2433 1225 2487 vide
1237 2435 1357 2503 llgtuuur.
1371 2437 1485 2504 Rrrrsum
1499 2441 1685 2499 immolabatur
1696 2447 1764 2511 ovis,

977 2509 1002 2552 et
1025 2513 1082 2554 erat
1105 2500 1185 2568 ligura
1206 2502 1356 2574 servatoria
1376 2524 1384 2559 c
1403 2507 1476 2562 Sicut
1496 2513 1548 2566 oric
1561 2514 1596 2567 ud
1616 2516 1765 2570 occisionem

978 2569 1068 2625 ductus
1078 2580 1118 2645 'ert
1132 2570 1209 2641 (laet.
1221 2573 1265 2627 53.
1281 2574 1318 2643 7).
1332 2574 1520 2634 immolabatur
1533 2583 1648 2650 vitulus,
1664 2594 1764 2648 tartrus,

977 2642 1192 2711 aliaque'omtria,
1207 2655 1234 2700 et
1246 2643 1279 2701 de
1289 2646 1418 2718 sanguiue
1431 2650 1626 2709 irrrmnlatornm
1639 2655 1766 2714 sacerdos

977 2712 1059 2780 digito
1071 2715 1233 2783 accipiebat,
1252 2726 1279 2770 et
1298 2717 1495 2788 ingrediebatur
1513 2725 1539 2778 in
1553 2735 1644 2780 sancta
1658 2737 1766 2783 sancto·

979 2797 1048 2846 rrrnr,
1062 2794 1088 2836 et
1099 2785 1256 2854 aspergebat
1270 2791 1368 2855 septies
1382 2791 1407 2843 in
1421 2805 1564 2862 crrnspectu
1579 2796 1765 2866 propitiatorii.

978 2850 1120 2922 ipsumque
1133 2857 1341 2923 propitiatorium
1353 2871 1410 2914 erat
1421 2861 1507 2932 imago
1517 2862 1678 2934 Serr'atoris,
1689 2867 1768 2922 item·

978 2937 1029 2990 que
1043 2925 1150 2991 sanguis
1162 2940 1215 2992 auo
1228 2927 1432 2996 aspergebatur,
1454 2943 1481 2984 ut
1494 2941 1521 2987 et
1536 2933 1558 2990 is
1572 2937 1616 3004 qui
1635 2937 1767 2993 adoraba-

979 2999 1031 3058 trrr,
1050 3000 1078 3046 et
1095 2996 1194 3046 rlouum
1214 2993 1332 3050 oblatam
1352 2998 1376 3052 ei
1397 3000 1442 3069 qni
1462 3001 1632 3071 adorabatur,
1651 3005 1766 3074 idipsum

978 3070 1058 3116 esset.
1081 3062 1241 3117 llnirualium
1257 3080 1339 3132 xero,
1354 3083 1466 3136 quorum
1485 3073 1593 3142 sanguis
1605 3075 1767 3131 atterebatur

979 3131 1005 3184 in
1020 3142 1128 3195 sancta,
1149 3147 1260 3203 corpora
1281 3137 1505 3195 comburebantur
1524 3153 1598 3198 extra
1617 3154 1718 3210 castra,
1740 3155 1768 3200 et

972 3200 1046 3254 'ciuis
1059 3217 1151 3257 eorum
1164 3206 1345 3260 sauctillcabat
1359 3207 1490 3277 homines,
1503 3221 1529 3267 et
1544 3214 1695 3283 inquinatos
1706 3230 1768 3270 san·

969 3271 1130 3325 'ctilleabant
1149 3282 1314 3328 mortuorum
1330 3278 1482 3334 animalium
1503 3283 1632 3352 reliquiae.
1650 3284 1768 3339 aduerte

979 3341 1067 3410 igitur.
1084 3340 1203 3398 liventia
1219 3359 1270 3399 aaa
1290 3347 1507 3416 sartctilicabaut,
1527 3353 1555 3406 in
1572 3350 1688 3408 cinerem
1703 3369 1769 3409 aero

979 3411 1104 3474 reducar,
1127 3422 1155 3467 et
1174 3414 1199 3467 in
1223 3416 1380 3470 sacriticiruu
1402 3424 1602 3487 consummata,
1625 3423 1770 3494 inquinatis

978 3480 1146 3536 sanctitatem
1157 3482 1317 3549 afferebant3
1331 3490 1459 3558 erantque
1471 3491 1565 3545 eaderu
1577 3493 1633 3562 ipsa
1643 3493 1768 3549 arrinralia

978 3563 1052 3606 extra
1067 3553 1221 3617 cumbusta,
1235 3565 1262 3607 et
1277 3555 1345 3608 intra
1359 3557 1385 3610 ιιι
1405 3556 1564 3615 sac'r'ilieibm
1579 3563 1667 3617 oblata
1682 3580 1688 3616 :
1706 3564 1768 3618 irule

978 3623 1135 3690 apostolus:
1154 3621 1277 3689 Quorum,
1294 3625 1394 3695 iurprit,
1409 3619 1558 3683 dnimaliunr
1573 3649 1618 3684 auu
1638 3634 1676 3687 rrr'r
1688 3634 1768 3704 iuscr-

979 3701 1019 3744 tur
1034 3691 1061 3743 irt
1073 3701 1161 3744 sanctu
1172 3704 1327 3760 sauctorum,
1342 3695 1432 3750 lterum
1444 3715 1550 3768 corpora
1560 3651 1768 3756 conducebantur

978 3769 1050 3814 extra
1063 3769 1145 3813 castra
1160 3759 1251 3832 (Hebr.
1267 3765 1311 3820 ιι.
1327 3765 1390 3834 ιι).
1407 3767 1476 3833 Dixit
1491 3767 1620 3890 liguram,
1636 3772 1768 3840 iuterpre-

980 3839 1050 3882 tatur
1065 3830 1220 3898 ueritatem,
1236 3841 1264 3887 et
1274 3833 1313 3888 ait
1325 3853 1331 3886 ε
1345 3833 1457 3906 ideoque
1468 3846 1492 3890 ct
1525 3854 1597 3901 urta,
1614 3849 1641 3893 ut
1653 3841 1768 3910 sanctifi·

979 3908 1047 3951 curet
1060 3903 1194 3968 papulum,
1213 3913 1285 3956 extra
1315 3914 1396 3958 ortum
1409 3922 1500 3975 patrus
1513 3915 1551 3962 eat
1563 3906 1648 3979 (ibid.
1663 3926 1687 3964 a.
1703 3911 1766 3982 49).

980 3967 1012 4022 Et
1026 3969 1088 4037 quid
1102 3969 1181 4024 iulert
1190 3970 1270 4041 iEpr
1302 3975 1385 4027 luatur
1400 3990 1459 4044 erpo
1472 3978 1506 4029 orl
1518 3993 1591 4044 eunt,
1606 3979 1768 4060 opprobrium

979 4042 1034 4110 ejus
1053 4043 1160 4110 [uenter
1174 4037 1253 4111 (luta.
1264 4057 1288 4094 o.
1300 4043 1357 4112 45).
1372 4043 1459 4098 llabes
1474 4047 1603 4116 bgurarn;
1627 4049 1684 4103 rrtle
1696 4051 1768 4104 veri·

980 4120 1072 4168 tatem.
1086 4111 1181 4175 Quare
1200 4125 1305 4165 rursum
1326 4114 1482 4182 sauguinem
1500 4124 1527 4168 ct
1545 4118 1768 4186 propitiatorium.

979 4177 1093 4248 Surrguis
1106 4183 1313 4263 aspergebatur,
1329 4192 1357 4236 et
1377 4185 1587 4251 propitiatorium
1608 4189 1768 4256 excipiebat,

980 4250 1132 4321 propitiatio
1147 4250 1288 4305 inardebat.
1302 4252 1368 4319 Quid
1385 4261 1427 4307 est
1441 4250 1675 4329 propitiatorium?
1697 4257 1768 4311 l‘au-

979 4323 1034 4376 lum
1057 4320 1153 4374 iterum
1173 4320 1235 4374 audi
1245 4321 1376 4377 dicentem
1387 4323 1421 4379 ad
1432 4323 1586 4381 llornauos:
1601 4325 1692 4379 Orrruer
1703 4329 1769 4380 eninr
1839 4321 1847 4334 “

979 4399 1160 4462 peccauerunt,
1176 4401 1199 4444 ct
1216 4393 1347 4460 prirentur
1364 4392 1445 4463 gloria
1457 4392 1508 4446 Dei
1517 4435 1531 4468 ,ἢ
1542 4395 1677 4465 justificati
1691 4399 1769 4468 pratia

980 4479 1024 4533 per
1040 4462 1094 4533 ejus
1106 4461 1232 4529 gratiam,
1248 4478 1293 4529 per
1305 4465 1453 4532 sanquinem
1468 4479 1540 4532 epus,
1557 4481 1602 4533 per
1615 4468 1768 4536 redemptio-

979 4550 1053 4594 nem,
1074 4547 1130 4599 pure
1148 4540 1185 4584 ert
1205 4533 1232 4585 iu
1246 4531 1344 4586 Christo
1356 4531 1437 4598 tera,
1452 4550 1526 4603 prtem
1547 4539 1678 4604 proposuit
1699 4535 1769 4589 licata

980 4600 1182 4674 propitiatorium
1192 4618 1237 4668 pcr
1246 4603 1321 4670 ,adem
1331 4603 1386 4672 ejus
1396 4604 1423 4657 iu
1432 4604 1579 4673 sanguinem
1589 4605 1668 4673 ipsius
1681 4604 1768 4676 (ιιοιιι.

979 4675 1005 4728 5.
1017 4670 1128 4740 att-asp
1138 4671 1172 4724 Et
1183 4675 1290 4740 sanguis
1302 4672 1395 4741 ipsius,
1408 4683 1436 4727 et
1448 4675 1659 4742 propitiatorium
1675 4676 1767 4742 ipsius.

979 4744 1043 4799 llaec
1055 4757 1070 4795 a
1084 4757 1127 4796 ure
1142 4742 1229 4795 ourrria
1245 4741 1316 4795 dicta
1330 4752 1407 4810 sunt,
1422 4745 1484 4813 quia
1498 4754 1607 4812 prepter
1619 4746 1767 4798 uos·oruuia

966 4816 1064 4870 'lactus
1084 4819 1126 4866 est
1144 4811 1271 4866 Servator
1284 4812 1372 4874 heus,
1387 4823 1415 4868 et
1436 4815 1481 4868 llei
1503 4815 1653 4882 unigenitus
1675 4813 1696 4867 F
1698 4814 1768 4877 ilius,

979 4899 1031 4940 non
1046 4890 1155 4952 propter
1166 4895 1206 4935 se.
1225 4881 1300 4934 blind
1315 4891 1404 4936 autem
1418 4881 1484 4937 illud
1505 4893 1562 4938 erat
1575 4884 1645 4952 quod
1659 4898 1707 4952 pro
1720 4899 1770 4938 tro·
1795 4909 1799 4917 =

978 4955 1020 5008 bis
1041 4951 1179 5021 agebatur,
1199 4951 1271 5005 aliud
1291 4954 1364 5025 quod
1385 4963 1493 5022 propter
1514 4954 1600 5021 ipsrrru
1622 4952 1768 5008 seeundum

978 5023 1144 5077 divinitatem
1164 5019 1324 5076 adorabatur
1346 5041 1353 5077 ε
1372 5024 1443 5076 aliud
1466 5033 1494 5076 et
1516 5023 1599 5089 aliud,
1624 5037 1676 5076 non
1700 5038 1770 5094 pune

978 5093 1111 5156 divisum,
1131 5090 1180 5146 sed
1199 5089 1398 5161 dispensatione
1417 5093 1598 5162 eorrjunerum,
1621 5101 1648 5145 et
1669 5093 1770 5160 cogita·

979 5162 1050 5217 tione
1062 5160 1188 5229 diuisum.

1015 5233 1042 5288 a.
1057 5225 1129 5286 'Cum
1150 5233 1229 5302 igitur
1247 5231 1340 5284 audies
1360 5245 1492 5286 surrtmuru
1516 5229 1704 5297 sacerdotem,
1724 5240 1770 5285 aut

979 5311 1127 5373 pastorem,
1146 5310 1192 5356 aut
1209 5317 1296 5361 orout,
1316 5311 1361 5353 am
1383 5301 1522 5370 templum,
1541 5313 1586 5354 aut
1604 5301 1702 5368 rehuu,
1724 5311 1770 5356 aut

978 5371 1203 5442 propitiatorium,
1217 5380 1264 5424 aut
1277 5373 1431 5440 sauguinem
1443 5371 1623 5437 aspersionis,
1638 5380 1684 5425 aut
1695 5372 1770 5424 simi·

978 5443 1023 5508 lia,
1038 5457 1086 5510 per
1098 5437 1155 5508 haec
1166 5444 1256 5496 amnia
1269 5455 1413 5508 cognoscas
1426 5450 1536 5510 propter
1548 5443 1577 5495 to'
1587 5441 1683 5494 laetam
1698 5455 1769 5495 oeco·

979 5513 1105 5568 urrrrtiaru.

958 5617 961 5624 ι
995 5569 999 5578 ’
1015 5580 1102 5635 Nauo-
1114 5579 1281 5634 scandalizari
1303 5578 1372 5633 debet
1390 5579 1458 5649 guod
1471 5579 1585 5634 Claudatur
1597 5581 1701 5650 aqualia
1717 5577 1770 5634 ilco
