4142 6342
239 354 293 415 bib

240 474 284 525 tias
293 465 304 525 ε’
314 480 341 525 ιι
355 479 382 525 ιι
393 467 545 546 recordare,
570 474 599 520 ut
612 466 792 537 castigationis
805 475 897 537 captes
914 467 1032 522 occasio·

239 576 311 618 nem.
328 560 391 616 ilaec
404 574 464 616 cum
474 558 601 615 audiisset
612 547 719 625 Paulus,
732 566 911 628 peecatorum,
921 571 1033 628 querum

239 667 294 707 nou
312 649 502 708 recordabatur
516 650 597 715 Deus,
614 657 743 719 perpetuo
758 648 958 717 recordabatur,
968 664 1032 705 cum

239 742 276 797 ita
287 738 389 797 diceret
404 757 411 795 ι
428 738 486 794 Nou
511 754 567 794 sunu
590 739 683 811 dignus
702 738 786 793 soceri
810 738 949 811 apostolus,
975 756 1034 810 qun·

240 832 310 888 nient
329 840 493 903 persequutus
504 848 562 885 sum
574 828 715 886 Ecclesiam
731 827 777 884 liet
790 829 829 901 (1.
844 827 903 885 Cor.
911 821 962 885 15.
982 828 1011 901 9)
1024 848 1032 887 2

238 934 276 990 ct,
290 920 405 979 curtum
427 922 492 976 seuit
508 922 534 975 iu
546 920 667 977 mondum
689 930 831 992 peccatores
844 920 927 975 seinos
939 925 1033 995 saeue,

238 1031 347 1087 qaorum
366 1016 463 1085 prium
475 1031 521 1087 ego
538 1032 595 1069 sam
610 1014 648 1086 (l.
669 1012 735 1068 Tim.
752 1014 777 1069 1.
803 1013 865 1085 15).
886 1012 944 1069 Non
957 1012 1033 1077 dixit,

238 1102 331 1174 Eranr,
341 1104 400 1174 sed,
409 1104 484 1161 Sam.
497 1104 577 1161 l'acta
587 1115 644 1161 erat
656 1103 778 1160 remissio
787 1112 956 1177 peccatorum
964 1101 1035 1173 apud

237 1196 334 1263 ileum,
348 1205 376 1251 et
389 1195 459 1267 apud
472 1194 583 1252 Paulum
595 1203 763 1266 peccatorum
778 1186 907 1251 memoria
920 1210 972 1249 nou
981 1192 1031 1249 de·
1049 1264 1056 1271 .

237 1286 359 1355 lebatur;
375 1304 435 1360 quse
456 1287 584 1343 Dominus
596 1288 745 1351 deleverat,
761 1286 821 1342 bec
839 1287 896 1357 ipse
914 1284 1036 1357 diuulga-

236 1376 294 1435 bat.
318 1377 437 1434 Audistis
462 1377 533 1433 euim
556 1367 713 1447 prophetam
738 1373 872 1431 dicentem
894 1392 901 1430 t
930 1374 961 1429 b't
985 1392 1036 1430 non

239 1468 392 1525 recordabor
406 1466 482 1539 (lsai.
494 1468 530 1525 15
541 1468 572 1540 )·;
586 1478 613 1523 ιι
626 1476 654 1522 ιι
665 1466 817 1523 recordare.
831 1467 901 1522 Deus
917 1482 963 1521 ras
978 1466 1033 1521 ele·

242 1559 340 1616 cilonis
353 1560 442 1631 ipsum
454 1568 529 1615 uocat
542 1559 615 1632 (Act.
635 1556 661 1614 9.
682 1558 743 1630 ti),
757 1568 783 1613 et
801 1558 850 1613 iste
865 1572 894 1613 se
915 1566 1037 1628 peceatu-

241 1662 301 1708 rum
317 1652 431 1722 primum
444 1662 531 1708 vocat.
548 1651 624 1720 Quod
648 1652 671 1707 si
686 1659 856 1722 peecatorum
871 1665 924 1705 nttn
938 1636 1035 1704 obliti·

239 1742 374 1809 secbntur,
387 1744 473 1814 cogita
486 1759 540 1816 quo
553 1742 690 1815 pacto-bei
706 1741 896 1800 beuellciorum
914 1740 1038 1797 recorda-

239 1838 324 1890 retur.
339 1832 408 1903 Quid
423 1848 475 1907 ege
491 1833 553 1890 dico
571 1833 727 1891 memoriam
744 1838 912 1905 peecatorum
930 1832 1038 1889 minime

241 1924 341 1997 probro
354 1922 481 1982 alliceret
494 1940 548 1982 non
563 1925 600 1982 ita
619 1940 668 1982 nos
680 1924 808 1982 memoria
821 1934 894 1983 recte
909 1924 1037 1981 laetorum

241 2014 330 2075 reddit
351 2018 478 2087 illustres,
503 2026 532 2102 ut
551 2019 679 2076 memoria
694 2028 886 2091 peccatorum:
907 2018 1039 2075 imovero

241 2124 296 2167 nott
310 2110 391 2166 modo
403 2126 458 2167 nou
473 2111 698 2168 redditillustres
710 2112 838 2168 mensoria
863 2120 937 2168 recte
957 2110 1041 2167 lueto-

240 2212 313 2268 tum,
327 2202 376 2258 sed
394 2203 478 2258 etiam
503 2203 648 2274 opprobrio
666 2202 749 2259 allicit
773 2211 800 2258 et
818 2202 995 2271 condemnat;
1013 2212 1041 2257 at

242 2301 415 2363 peecatorum
436 2292 565 2350 memoria
591 2292 686 2349 dducia
708 2308 758 2350 nos
776 2308 808 2349 ac
826 2293 928 2365 justitia
954 2294 1038 2349 multa

243 2382 371 2439 cumulas
397 2382 462 2452 Quis
475 2382 627 2439 bocdicitl
648 2382 799 2440 Pharisaeos
821 2393 849 2440 et
871 2382 1040 2455 publicanus.

243 2471 311 2532 liam
326 2474 369 2531 bic
379 2474 486 2547 quidem
501 2490 562 2532 cum
581 2490 630 2533 sua
648 2486 757 2549 peccata
770 2476 892 2544 dixisset,
908 2475 1040 2548 justifica·

204 2576 207 2582 ·
245 2573 291 2621 tus
307 2564 460 2632 descendit;
474 2565 519 2623 ille
532 2580 597 2623 cero
610 2580 671 2623 cum
685 2579 733 2624 sua
746 2575 819 2624 recte
831 2566 901 2623 laeta
916 2566 1038 2633 dixisset,

242 2654 385 2727 publicano
408 2655 495 2713 lamus
518 2654 629 2713 inlerior
646 2656 795 2714 descendit.
818 2656 1042 2732 lidesqoantum

246 2746 444 2805 alteratdamni
464 2760 537 2807 recte
560 2749 690 2808 laetorum
714 2750 893 2809 meminisse:
916 2762 1042 2825 quantam

245 2842 331 2914 pariat
358 2843 499 2899 utilitatem
524 2853 695 2913 poeoniorum
720 2843 831 2901 minime
851 2843 991 2900 obliviscit
1005 2844 1044 2900 dc

246 2934 343 2992 merito
356 2950 421 2992 sane
435 2954 444 2992 ι
456 2935 501 3007 qui
514 2950 628 3007 namque
640 2944 713 2992 reete
725 2934 855 2993 laetorum
872 2934 1003 3004 meminit,
1016 2933 1042 2991 iu

246 3025 400 3098 snperbiam
432 3027 562 3094 edentur,
587 3037 700 3084 caeteros
724 3027 847 3083 homiues
872 3035 1044 3098 aspernator,

246 3117 319 3190 qued
334 3127 360 3174 et
374 3114 470 3175 sceldii
489 3117 623 3174 Pharisaeo
638 3118 829 3189 :nequeenim
843 3116 868 3172 in
883 3125 982 3173 tantam
996 3132 1044 3173 ve-

247 3214 335 3271 rtisset
345 3215 540 3287 arrogantiam,
555 3225 609 3267 nou
622 3210 744 3276 dixisset,
761 3209 822 3266 Nou
838 3226 894 3266 sunt
907 3211 972 3267 sicut
993 3226 1045 3265 ce·
1065 3260 1069 3268 .

251 3305 299 3364 teri
312 3307 426 3363 lortdnes
443 3306 518 3379 (Luc.
539 3306 584 3361 18.
605 3304 676 3376 11),
692 3303 742 3359 nisi
767 3304 861 3375 jejunii
875 3302 916 3358 sui
929 3302 1046 3359 decima-

247 3414 362 3468 rumque
376 3398 557 3462 meminisset:
571 3397 698 3452 memoria
711 3409 773 3451 vero
786 3403 955 3466 peccatorum
969 3410 1044 3449 meu·

250 3499 304 3548 tem
318 3491 448 3562 reprimi,
462 3490 637 3546 trunnilitatem
652 3489 756 3555 suadet,
770 3487 802 3546 ac
813 3488 1045 3561 perhumilitateur

249 3584 464 3643 benevolentiam
480 3584 526 3642 [lei
540 3584 674 3642 conciliat.
686 3585 765 3653 todi,
785 3601 887 3659 quaeso,
901 3601 954 3659 quo
969 3593 1047 3656 pacto

254 3692 305 3733 nes
330 3676 452 3735 Christus
472 3688 544 3736 recte
567 3678 636 3734 lacta
651 3678 778 3735 obliuioni
805 3678 911 3735 tradere
930 3678 1046 3750 jubeat:

252 3761 317 3825 Cum
336 3771 444 3842 feceritis
466 3770 521 3825 tuce
535 3769 629 3837 nnumin,
646 3770 730 3836 dicite,
753 3768 826 3827 Serri
848 3770 950 3826 inutiles
962 3786 1049 3824 sutttus

253 3860 330 3935 (bac.
352 3862 395 3919 17.
408 3862 441 3920 tu
455 3861 477 3935 ).
502 3862 542 3920 ‘lu
555 3864 598 3920 dic
611 3864 732 3920 inutilem
746 3878 806 3920 esse
821 3873 846 3921 te
858 3877 977 3929 sertum,
992 3878 1046 3917 nou

256 3968 307 4028 ege
317 3966 343 4011 te
356 3954 475 4013 ituttdem
490 3955 575 4013 reddo
590 3956 672 4012 :tusi
688 3965 760 4011 tuam
775 3954 970 4029 ipserilitatem
981 3969 1048 4009 con·

253 4046 339 4105 lessus
352 4048 443 4117 lucris,
459 4062 509 4120 ego
520 4058 545 4105 te
560 4049 690 4104 illustrem
701 4047 794 4115 reddo,
810 4056 837 4103 ct
848 4061 946 4103 corona
961 4053 1050 4101 rentu-

253 4152 321 4197 nero

297 4228 462 4284 Percuterttnt
483 4228 611 4285 recordari
629 4246 705 4303 quom
725 4230 795 4285 utile.
817 4228 932 4285 Eeenteu
952 4229 1048 4284 consci-

242 4323 329 4377 ‘entioe
353 4320 503 4376 meandum.
524 4352 559 4362 -
577 4321 657 4379 Vides
681 4328 745 4393 quot
771 4319 932 4377 testimoniis
958 4318 1050 4378 utilem

257 4426 318 4469 esse
335 4422 506 4484 peccatorum
521 4411 678 4470 memoriam
693 4412 769 4468 nobis
791 4412 872 4468 luerit
891 4409 1050 4480 eoxxtproba·

256 4513 324 4565 tutu.
338 4512 365 4562 et
378 4506 483 4561 noxiam
494 4506 651 4563 memoriam
664 4504 737 4561 recte
749 4501 880 4560 laetorum
895 4520 902 4559 :
917 4514 944 4559 et
957 4512 1050 4559 contra

256 4610 351 4655 rursm
375 4594 532 4670 supplicium
555 4595 632 4652 nobis
656 4610 688 4651 er
712 4593 846 4651 obliuione
868 4602 1051 4665 peccatorum,

256 4689 397 4747 utilitatem
418 4698 543 4745 aamtnex
567 4684 701 4744 oblivione
726 4695 799 4742 recte
820 4682 949 4742 laetorum
969 4686 1053 4741 oriri?

257 4784 304 4841 lis
316 4785 397 4840 etiam
414 4781 521 4838 aliunde
545 4790 708 4852 cognoscere
728 4778 873 4835 marimum
895 4792 955 4835 esse
981 4788 1054 4837 recte

256 4874 355 4934 iactum
377 4884 544 4947 neocororum
559 4872 710 4931 recordari?
729 4872 913 4931 dudilobum.
929 4874 965 4933 tlt
982 4876 1053 4933 enim

258 4968 363 5026 oeterls
386 4966 558 5039 gloriabatur,
579 4966 615 5021 ita
633 4974 662 5021 et
681 4964 849 5023 confessione
868 4974 1053 5039 peceatomm,

258 5075 319 5118 catu
339 5060 375 5117 lta
398 5060 519 5115 dit-eret:
535 5054 611 5124 eone
624 5057 647 5113 si
663 5069 721 5113 ιιιιι
731 5068 821 5129 sponte
838 5073 989 5130 peccassent,
1009 5076 1054 5115 ca·

259 5154 318 5223 peni
330 5150 497 5222 {reprendunt
510 5146 698 5216 uetititudinis‚·
715 5158 742 5202 at
755 5164 806 5204 non
826 5151 983 5205 enuntiarem
996 5166 1055 5222 pee-

260 5253 318 5298 cnto
333 5258 389 5297 nuo
411 5240 478 5314 (iob
494 5242 540 5298 bl.
557 5240 730 5316 bibliorum
751 5251 840 5299 autem
858 5242 999 5298 uerborum
1013 5242 1056 5299 bic

260 5348 355 5390 sensus
376 5344 417 5389 cst
437 5352 444 5389 :
460 5346 603 5405 nttmqtmut
617 5331 682 5389 mdti
694 5337 781 5390 oeetus
800 5327 990 5390 conservorum
1006 5347 1055 5405 pu·

260 5426 354 5484 dorent
375 5427 509 5496 imposuit.
531 5423 600 5493 Qttid
622 5426 694 5480 enim
718 5424 827 5495 prodest
854 5425 974 5496 ignotum
996 5436 1056 5481 esse

263 5518 426 5584 bominibus,
437 5529 498 5573 cum
507 5517 592 5573 ludex
604 5516 696 5573 omunia
710 5514 909 5587 ctorerithuid
924 5528 989 5571 tero
1003 5531 1053 5569 no-

263 5618 317 5678 cet,
331 5608 406 5682 quod
426 5608 452 5663 lti
475 5620 563 5681 qaaca
578 5608 655 5664 nobis
669 5608 812 5664 commissa
834 5615 907 5673 suut,
922 5608 1055 5675 uenerint,

264 5704 288 5760 sl
303 5718 352 5759 noa
367 5702 411 5759 ille
432 5715 509 5774 postu
521 5702 635 5759 voluerit
649 5702 765 5759 liberere
774 5702 786 5756 l
796 5700 977 5759 Lieetomnes
989 5714 1055 5757 eon·

263 5795 402 5864 demucnt,
414 5796 439 5851 si
450 5807 493 5852 me
508 5794 611 5853 ιιιιιιιι
620 5805 671 5851 sue
680 5794 763 5851 ludex
774 5794 905 5866 absoluat,
920 5794 986 5851 nibil
995 5795 1056 5853 illo·

549 306 553 314 ’
612 351 642 408 s.
660 306 799 409 tosunts
817 352 1052 409 cnutsosrout
1074 354 1231 417 aucum.
1250 302 1513 419 construamur.

1089 483 1146 532 rum
1159 471 1318 528 sementiam
1338 487 1428 532 euro:
1449 474 1510 531 licet
1530 488 1623 533 omues
1639 476 1749 535 lattdent
1767 488 1795 537 et
1809 481 1881 539 eele-

1086 560 1174 627 brent,
1189 560 1210 619 si
1222 578 1265 619 ute
1275 562 1321 621 iile
1337 566 1508 634 condemnet,
1524 566 1592 623 nibil
1602 568 1669 625 mibi
1679 568 1809 641 judicium
1824 572 1882 629 illo·

1086 668 1145 709 rum
1161 650 1280 725 prodest'.
1295 655 1407 728 Semper
1426 658 1498 715 euim
1517 659 1609 717 oculos
1623 660 1650 717 iu
1665 662 1751 743 ¹illum
1776 676 1884 737 oportet

1086 753 1250 815 conuertere,
1264 746 1625 819 idemquepraestandumest
1637 752 1798 823 inpeccatis,
1811 757 1883 825 qnod

1086 836 1112 893 in
1128 838 1298 907 pecuniarum
1320 840 1441 911 impensa
1456 850 1623 912 prestamus.
1642 840 1737 899 Statim
1756 844 1828 901 cuim
1844 856 1885 901 at-

1085 942 1138 999 que
1161 928 1275 984 scubili
1296 930 1472 997 surreximus,
1498 941 1641 1005 antequam
1668 933 1763 1004 pedem
1791 934 1819 989 in
1842 932 1885 989 lo·

1085 1034 1145 1075 rum
1170 1020 1326 1089 inieramus,
1352 1002 1529 1095 aut'aliquod
1554 1023 1687 1093 privatum
1715 1024 1885 1093 publicumve

1087 1110 1222 1180 negotium
1248 1112 1455 1186 aggrediamur,
1476 1122 1570 1170 uocato
1593 1128 1673 1169 seruo
1691 1115 1827 1170 rationem.
1847 1114 1884 1169 ab

1087 1201 1275 1273 coerigimus
1296 1218 1490 1274 expensarum,
1519 1213 1547 1260 ut
1573 1204 1711 1261 uideamus
1734 1204 1797 1275 quid
1823 1218 1885 1274 pcr-

1088 1308 1197 1362 pcram,
1225 1290 1289 1365 quid
1311 1294 1339 1349 itt
1364 1294 1495 1365 legitimos
1518 1309 1582 1367 usus
1609 1295 1770 1365 insumptum
1792 1292 1883 1357 luerit,

1087 1393 1268 1455 quantumque
1278 1384 1313 1439 sit
1327 1384 1460 1457 reliquum
1471 1386 1587 1457 :quodsi
1600 1385 1771 1456 perexiguum
1779 1385 1885 1441 essori-

1088 1472 1207 1530 decianus
1218 1474 1254 1541 id,
1263 1474 1333 1547 quod
1344 1485 1436 1541 restat,
1451 1476 1607 1533 ornnesrias
1620 1476 1802 1547 augendorum
1813 1476 1884 1531 redi·

1092 1566 1368 1637 tuumexcngitamos,
1380 1581 1414 1622 ue
1427 1567 1496 1623 lortc
1511 1568 1609 1623 incauti
1618 1566 1686 1632 larue
1699 1566 1884 1623 conficiantur.

1093 1654 1150 1711 lloe
1171 1654 1251 1727 igitur
1269 1656 1339 1711 etin
1358 1658 1508 1715 actionibus
1527 1658 1626 1715 nostris
1648 1658 1785 1715 iaciamus.
1796 1657 1887 1713 Adro-

1089 1758 1146 1803 cata
1162 1748 1322 1805 conscicntia
1342 1758 1433 1805 nostra
1451 1750 1569 1806 rationes
1586 1742 1724 1821 exigamus
1732 1749 1766 1821 ab
1780 1763 1811 1805 eat
1827 1764 1884 1805 rer·

1091 1838 1195 1907 borutn,
1215 1841 1361 1905 actionum,
1382 1840 1590 1911 cogitationum
1616 1839 1793 1911 disquiramus
1817 1836 1882 1909 quid

1090 1928 1231 1987 commode
1257 1930 1410 2003 utiliterque
1435 1932 1470 1987 sit
1499 1931 1680 2003 insumptum,
1706 1932 1768 2001 qnid
1788 1930 1814 1987 iu
1834 1945 1886 1987 no·

1091 2030 1174 2077 strum
1185 2020 1311 2077 damnum
1321 2040 1328 2089 ;
1340 2024 1400 2093 quis
1413 2037 1503 2078 sermo
1513 2036 1651 2094 perperam
1662 2021 1739 2078 luerit
1750 2021 1889 2093 impensus

1092 2118 1118 2173 itt
1133 2116 1321 2184 detmctiones,
1338 2115 1364 2172 iu
1380 2115 1550 2189 turpiloquia,
1568 2116 1797 2180 incontumelias·,
1811 2124 1886 2187 qussi

1092 2225 1153 2264 nam
1167 2210 1294 2281 cogitatio
1310 2210 1344 2265 ad
1367 2208 1502 2264 lasciuiam
1525 2208 1632 2263 oculum
1652 2204 1895 2275 conclusisquod,

1092 2289 1233 2357 consilium
1247 2302 1274 2357 iu
1287 2300 1412 2357 dautnum
1432 2309 1553 2356 nostrum
1569 2300 1678 2372 inopus
1697 2300 1806 2367 exierit,
1829 2298 1887 2355 sits

1094 2393 1218 2449 manibus
1239 2390 1324 2459 illud,
1349 2392 1406 2448 sire
1429 2392 1534 2463 lingua,
1555 2390 1612 2461 site
1633 2390 1719 2447 oculis
1739 2390 1804 2463 ipsis
1827 2389 1887 2447 iuc-
1926 2398 1928 2403 ’

1094 2483 1177 2540 rimus
1189 2484 1331 2557 exsequuti
1345 2502 1353 2539 a
1368 2491 1396 2539 et
1409 2483 1443 2539 ab
1453 2480 1760 2554 itttompestitisquidem
1772 2480 1873 2551 sumpti

1094 2576 1143 2633 bus
1155 2574 1290 2633 abstinere
1303 2574 1467 2644 studeamus,
1478 2573 1503 2631 iu
1518 2575 1605 2633 locunt
1615 2560 1703 2629 autem
1715 2588 1889 2643 eorumquae

1095 2670 1164 2726 male
1185 2669 1318 2741 ittsompta
1332 2678 1404 2733 suut,
1419 2668 1487 2723 alios
1503 2666 1604 2723 reditus
1615 2666 1793 2747 recondamus
1807 2683 1813 2719 :
1829 2666 1891 2721 locu

1095 2767 1237 2822 uerborum
1250 2773 1351 2821 teutcre
1364 2763 1527 2834 prolatorum
1541 2776 1645 2833 preces,
1659 2761 1720 2816 loeo
1732 2768 1890 2830 aspectuum

1096 2860 1255 2915 lascivorum
1280 2857 1465 2927 cleeutospnns
1486 2862 1514 2910 et
1532 2850 1644 2925 jejunia.
1657 2852 1685 2909 Si
1699 2852 1771 2908 euitn
1791 2850 1891 2905 intem·

1097 2952 1197 3023 pestite
1217 2948 1301 3005 simus
1324 2946 1501 3017 insumptuti,
1518 2944 1585 3000 nibil
1605 2953 1693 3000 autem
1706 2940 1890 3021 recondituri,

1098 3058 1184 3113 neque
1195 3041 1257 3097 boui
1267 3039 1411 3111 quidquatu
1420 3037 1496 3095 uobis
1510 3038 1537 3091 in
1550 3035 1682 3093 thesauris
1695 3034 1848 3105 reposituri,
1862 3032 1891 3089 lu

1097 3144 1242 3189 extremam
1261 3138 1406 3201 egestatem
1419 3127 1543 3184 redactos
1563 3126 1683 3181 incautos
1705 3125 1734 3180 in
1753 3132 1884 3179 aeternum

1099 3222 1167 3294 ignis
1189 3204 1346 3292 supplicium
1367 3218 1520 3291 precipites
1531 3232 1649 3291 agemus.
1665 3218 1704 3273 dc
1720 3216 1894 3287 pecttuiaxmu

1097 3316 1203 3387 quidem
1219 3328 1324 3369 summo
1336 3310 1525 3369 maneolemos
1535 3309 1651 3366 rationes
1664 3308 1742 3375 inire,
1758 3306 1893 3361 actionum

1099 3422 1162 3461 tero
1177 3414 1237 3476 post
1250 3386 1401 3476 prandium,
1417 3402 1458 3459 tel
1471 3403 1521 3459 sub
1534 3401 1619 3473 ipsatu
1633 3413 1772 3470 vesperam
1782 3399 1808 3453 in
1824 3398 1894 3452 lecto

1096 3503 1227 3572 jacentes,
1241 3497 1348 3554 nemine
1368 3494 1563 3567 interpellante,
1580 3491 1686 3548 nemine
1699 3488 1893 3546 interturbante

1099 3609 1114 3649 a
1128 3592 1205 3649 uobis
1219 3590 1283 3663 ipsis
1297 3588 1426 3654 omnium,
1436 3604 1495 3659 quae
1510 3586 1620 3645 lecimus
1630 3583 1795 3649 acdiriutus,
1809 3580 1893 3635 ratio·

1100 3699 1161 3739 ucm
1174 3681 1320 3752 exigamus.
1336 3678 1411 3748 Quod
1424 3676 1519 3749 siquid
1532 3684 1681 3747 peccatum
1692 3688 1751 3741 esse
1773 3668 1892 3727 animad-

1099 3783 1245 3839 vertamus,
1267 3771 1429 3841 castigemus
1452 3766 1653 3833 cottscientiatn,
1670 3774 1787 3820 mentem
1808 3762 1893 3817 iucre-

1101 3877 1204 3937 pemus,
1218 3878 1265 3919 cor
1282 3870 1401 3917 nostrum
1422 3857 1458 3914 ita
1480 3856 1652 3921 uehementer
1672 3865 1892 3924 compungamus,

1103 3963 1131 4011 ut
1143 3968 1195 4009 nou
1207 3950 1332 4023 amplius,
1345 3948 1390 4006 ubl
1401 3950 1608 4013 surrexerimus,
1620 3946 1646 4000 ln
1655 3944 1725 4000 idem
1736 3940 1836 4013 peccati
1849 3942 1895 3996 ba·

1101 4045 1220 4103 ratbrum
1233 4056 1282 4099 ttos
1295 4039 1439 4096 audeamus
1452 4036 1599 4108 impellere,
1612 4034 1770 4119 vespertinas
1790 4044 1892 4087 memo·

1101 4152 1145 4193 res
1158 4132 1296 4193 sectionis.
1352 4135 1357 4144 “

1138 4230 1165 4284 5.
1175 4226 1308 4284 llocenim
1318 4235 1421 4295 tempus
1435 4222 1522 4293 aptius
1532 4234 1592 4275 esse
1604 4216 1638 4273 ad
1650 4214 1781 4287 ejttstnodi
1794 4212 1896 4270 ratioci»

1104 4323 1186 4388 nittm,
1195 4319 1316 4390 audique
1325 4324 1402 4389 pacto
1411 4300 1521 4371 testetdr
1530 4310 1656 4384 propbeta
1662 4307 1806 4377 ,cuttidicat
1817 4324 1822 4359 :
1834 4306 1897 4374 Ques

1103 4396 1897 4473 tteltutncudttosuuru,ioteotttttxooestrtscoupnqnuut

1105 4486 1896 4578 (Protea).ltuttatmenttunonottotunusauontsuunt;

1105 4605 1132 4652 et
1150 4592 1227 4650 amici
1251 4589 1404 4655 offendunt,
1428 4594 1454 4643 et
1473 4592 1632 4655 exasperant
1650 4581 1734 4648 serti,
1758 4577 1898 4635 cotxtristat

1106 4700 1183 4754 uxor,
1196 4684 1267 4739 illius
1285 4680 1377 4737 dolore
1397 4678 1486 4744 allicit,
1501 4676 1666 4748 negotiorum
1686 4670 1852 4729 saecularium
1865 4685 1898 4726 ac
2000 4730 2008 4745 .

1106 4778 1271 4852 publicorum
1285 4790 1334 4831 uos
1349 4772 1425 4829 turba
1445 4767 1626 4834 circumsidet,
1650 4780 1735 4838 neque
1757 4776 1898 4837 possumus

1107 4872 1263 4943 intelligere,
1279 4867 1434 4940 nequidem
1452 4880 1504 4937 qua
1523 4863 1625 4919 ratione
1639 4861 1851 4933 supplantemur.
1864 4859 1898 4913 dt

1107 4964 1149 5019 bis
1171 4959 1295 5019 omnibus
1317 4956 1453 5029 expediti,
1476 4970 1537 5010 cum
1562 4952 1612 5009 soli
1633 4950 1763 5007 luerimus
1781 4949 1897 5019 uesperi,

1108 5058 1244 5127 multaque
1256 5052 1307 5110 lrui
1320 5049 1424 5108 licuerit
1435 5046 1636 5119 tranquillitate,
1648 5043 1776 5116 iudicium
1791 5042 1818 5097 in
1830 5041 1899 5097 lecto

1109 5146 1265 5213 excitemus,
1278 5152 1307 5200 ut
1320 5140 1403 5199 lteram
1416 5140 1492 5197 nobis
1507 5138 1649 5211 propitium
1661 5134 1793 5207 ejusmodi
1811 5133 1900 5189 babila

1109 5238 1256 5312 quastione
1276 5233 1428 5292 reddamus.
1442 5230 1551 5301 Quodsi
1565 5226 1683 5302 quotidie
1707 5238 1859 5298 peccemus,
1875 5233 1901 5278 ct

1109 5332 1226 5389 animum
1240 5334 1360 5384 nostrum
1379 5322 1559 5389 vulneremus,
1576 5334 1719 5389 numquam
1733 5326 1821 5373 autern
1840 5330 1901 5370 sen·

1111 5426 1217 5495 tiamus,
1228 5422 1310 5494 utqui
1322 5418 1432 5475 uulnera
1443 5415 1596 5485 frequenter
1610 5410 1751 5482 accipiunt,
1764 5423 1795 5464 ac
1804 5404 1900 5463 deiude

1110 5516 1269 5587 contemptis
1288 5514 1339 5570 illis
1363 5510 1456 5567 lcbtim
1470 5509 1520 5565 sibi
1532 5506 1577 5563 ‘rel
1593 5503 1787 5561 intolerandum
1808 5514 1899 5556 accer-

1111 5618 1169 5666 sunt
1181 5609 1315 5666 interitum
1332 5622 1338 5659 :
1354 5600 1543 5659 sicetuosboc
1554 5597 1680 5655 continuo
1691 5605 1810 5666 stupore.
1823 5592 1902 5650 ineri-
1997 5597 2000 5602 ·

1115 5698 1187 5757 tablli
1198 5712 1247 5755 nos
1259 5690 1529 5764 obnoxiossupplicio
1546 5686 1720 5746 reddidimus.
1740 5684 1802 5741 Scio
1816 5682 1901 5738 mole-

1112 5800 1151 5853 sta
1165 5806 1223 5851 esse
1236 5792 1296 5865 *qun
1313 5788 1435 5857 dieituus,
1447 5784 1493 5843 sed
1509 5786 1616 5842 multam
1632 5782 1737 5855 pariunt
1752 5780 1901 5837 utilitatem.
