4142 6342
180 343 217 404 77

182 459 299 516 rerunt?
313 471 364 516 aas
383 456 504 516 raineris
521 467 663 528 auctores,
680 474 730 516 nos
754 460 979 518 medicamentum

183 565 374 624 preparemus.
384 551 528 622 Propterea
537 565 590 608 non
602 551 722 609 iocorum
729 553 980 624 permutationibus,

183 646 230 703 sed
242 660 348 702 morum
363 645 535 704 conversioni
548 645 662 704 satutem
675 646 855 705 erediderunt.

223 738 250 795 d.
271 737 334 794 iisse
348 737 456 804 mabam
470 755 478 793 a
493 745 521 794 et
541 753 591 796 nos
605 754 658 796 non
676 731 981 816 couitmdimur,'neque

184 829 445 900 anssbsccndimun
457 829 575 902 quando
589 829 642 888 iiiis
651 845 741 890 mores
750 833 978 904 convertentibus,

185 938 233 980 nus
255 923 314 980 ioca
333 929 535 992 permutamus,
549 929 578 979 et
591 922 726 980 ebriorum
741 923 880 982 bominum
898 939 981 999 opera

185 1016 307 1083 nemus,
321 1014 552 1087 summatimque
563 1022 683 1072 nostram
696 1015 875 1088 exponimus!
890 1016 981 1074 Dami-
1003 1086 1006 1094 Ι

187 1105 482 1174 transmisissemus,
498 1114 526 1164 et
543 1121 594 1164 nus
606 1107 673 1164 irata
689 1108 794 1166 scivere
814 1109 978 1179 omittentes,

184 1216 243 1272 qua
256 1200 284 1257 in
298 1199 381 1256 domo
394 1205 460 1258 suat
472 1199 695 1270 circumferimus,
710 1209 738 1258 et
751 1201 893 1260 circuimus
906 1218 980 1275 quoa·

184 1301 292 1361 rursm,
307 1291 353 1348 ubi
365 1291 545 1350 sabstsadam
556 1291 738 1365 deponamus,
753 1307 814 1352 cusa
828 1303 900 1352 esset
912 1308 982 1368 opus

184 1402 323 1459 quaerere,
348 1387 393 1445 nbi
412 1389 529 1466 animam
551 1387 768 1460 deponeremus:
784 1387 838 1444 imo
852 1403 917 1446 nero
931 1404 982 1446 nec

185 1490 290 1552 oportet
301 1496 442 1553 quarere,
458 1479 506 1540 scd
519 1481 616 1540 viante
630 1489 658 1539 et
675 1481 738 1540 ritae
757 1481 917 1540 rectitudine
930 1481 981 1555 ipsi

184 1576 356 1632 securitatem
368 1575 500 1647 praebere.
514 1574 606 1648 Neque
624 1575 697 1634 enim
716 1574 740 1634 si
752 1590 832 1634 serso
843 1577 1000 1642 iamenu„

186 1667 238 1724 bus
250 1667 327 1725 uobis
338 1676 367 1725 et
379 1667 594 1741 indignantibus,
609 1668 656 1726 iiie
668 1668 797 1728 aduersas
808 1669 875 1726 iram
888 1685 919 1728 se
932 1686 981 1728 ex·
994 1735 998 1744 ,

187 1777 282 1820 casare
294 1763 431 1830 omittens,
442 1760 471 1818 iu
483 1762 607 1820 mbuiam
620 1777 696 1818 mam
706 1761 883 1830 descendens,
900 1762 982 1820 resti·

187 1867 277 1915 ments
288 1865 315 1915 et
327 1870 424 1914 omnes
435 1857 565 1930 mitigans
583 1857 731 1916 sarciuuias
742 1867 770 1915 et
788 1857 934 1930 colligans.
948 1856 981 1914 de

185 1949 245 2021 iuga
270 1947 465 2014 meditaretur,
491 1947 564 2005 bunc
589 1948 673 2020 ipsius
696 1955 880 2020 contemptum
904 1947 983 2005 isciis

185 2043 327 2100 terremus.
345 2043 511 2100 besistamus
523 2043 645 2115 igitursb
656 2043 997 2122 nocimponunusmdto,

184 2146 213 2194 et
232 2137 354 2194 dicamus
372 2135 488 2210 qubqne
501 2137 535 2193 ad
549 2137 633 2194 Deum
647 2156 655 2192 ι
670 2136 727 2204 Qua
741 2137 782 2193 iio
793 2154 810 2192 a
823 2137 914 2210 spirits
926 2147 981 2206 tac,

184 2238 211 2287 ct
223 2246 239 2284 n
251 2229 319 2300 suste
332 2239 377 2286 tua
387 2245 438 2303 qua
450 2229 549 2304 famant
561 2228 651 2302 (Paci.
665 2229 726 2287 its.
738 2231 792 2301 iii
804 2230 982 2288 barbarorum

186 2321 384 2396 pbiicscpbium
404 2321 541 2379 imitemur
555 2339 564 2376 τ
578 2321 616 2378 iiii
635 2323 661 2378 in
675 2322 785 2380 incertis
798 2323 981 2394 poenitentiam

183 2423 323 2486 egerente
343 2413 484 2472 nonenim
506 2411 558 2470 boe
578 2411 695 2470 babebat
707 2414 840 2470 sententis
855 2431 862 2468 :
876 2413 903 2472 Si
917 2428 981 2470 con·

183 2506 327 2564 vertamini
347 2514 376 2562 et
390 2506 574 2578 poeaiteatiam
588 2505 684 2577 agatis,
697 2504 832 2562 ciuitatem
847 2505 980 2575 tirmabc;

184 2599 233 2656 ssd
246 2599 417 2672 simpliciter,
427 2599 519 2656 Adbuc
531 2607 580 2655 trcs
593 2598 657 2669 dies,
673 2609 695 2655 ct
706 2597 801 2656 Niniue
814 2599 981 2656 subnotetur.

184 2689 255 2760 Quid
268 2689 352 2762 igitar
371 2690 432 2746 itti!
452 2690 517 2760 Quis
531 2691 599 2746 norit
612 2707 646 2746 un
667 2692 794 2763 ponitebit
807 2689 889 2750 Dum
908 2691 980 2760 osuii,

188 2783 257 2857 quud
276 2784 397 2857 ioqusttts
417 2791 453 2840 est
472 2784 558 2855 susem
575 2784 647 2840 nobis
662 2782 746 2856 (dots.
757 2785 784 2840 5.
796 2784 824 2840 d.
839 2783 899 2856 stt
917 2783 983 2853 Quis

186 2877 282 2935 noviti
302 2877 432 2934 Nesciunt
449 2877 489 2934 rei
508 2877 606 2943 daem,
625 2891 675 2934 nec
686 2875 880 2950 'poeaitentiam
895 2876 983 2950 negli-

184 2979 251 3042 gunt
264 2986 273 3025 s
287 2969 411 3026 nesciunt
423 2969 472 3026 bei
486 2967 656 3042 benignitatis
669 2967 899 3034 consuetudinem,
914 2977 942 3024 et
954 2968 983 3026 in

184 3061 296 3119 incertis
307 3069 445 3119 mutantur
458 3079 466 3118 ι
479 3077 531 3120 aec
541 3062 613 3119 enim
626 3059 760 3118 trabebant
772 3053 840 3118 aiios
850 3060 982 3118 Ninivitas

185 3154 220 3213 ad
241 3171 310 3229 quus
330 3155 497 3228 respicerent
518 3153 674 3229 penitentia
697 3163 757 3212 scta
777 3163 908 3223 serratos,
932 3168 983 3212 nec

185 3250 332 3323 propbetas
353 3250 489 3324 legerant,
512 3263 562 3306 nee
576 3248 741 3322 patriarchas
759 3247 917 3315 audierant,
932 3262 983 3306 oce

186 3343 301 3398 usisunt
312 3341 502 3412 consiliemus
514 3341 723 3399 admonitionem
733 3341 803 3398 nacti
812 3351 885 3407 suut,
896 3357 984 3414 aeque

186 3435 236 3492 sibi
250 3441 451 3506 persuaserant,
473 3433 584 3490 omnino
596 3433 679 3490 Deam
699 3434 854 3505 paenitentia
873 3435 982 3506 piacan·

186 3526 249 3584 dum
262 3541 335 3584 esse.
348 3525 441 3598 Neque
452 3525 524 3584 enim
538 3525 590 3584 boc
605 3525 720 3583 babebat
731 3526 920 3596 comminatio,
934 3526 983 3584 sed

132 3677 134 3681 ,
187 3617 345 3674 dubitabant
363 3616 572 3689 burebaatque,
594 3623 624 3672 et
642 3625 730 3674 tamea
751 3633 813 3674 cum
827 3621 900 3676 omni
922 3618 981 3677 diii·

187 3711 274 3782 geat'aa
289 3710 474 3780 paenitentiam
486 3717 608 3781 quant.
630 3709 695 3778 Quae
717 3709 797 3780 igitur
815 3709 884 3766 ratic
905 3709 982 3768 nobis

188 3803 247 3868 erit,
269 3817 333 3860 cura
353 3801 393 3858 itii
405 3801 530 3874 quidem,
552 3804 603 3858 a‘cc
615 3801 685 3858 unde
698 3801 732 3860 du
751 3801 804 3860 tine
817 3802 983 3861 coadderent

188 3893 335 3961 babentes,
360 3903 462 3952 tantam
484 3893 627 3952 exhibeant
651 3897 852 3954 mutationem:
875 3905 903 3954 tu
917 3911 982 3956 reru

189 3986 232 4060 qni
243 3987 378 4044 de'diviaa
388 3988 552 4061 benignitate
561 3986 697 4046 cuttddere
708 3997 794 4062 potes,
805 3997 832 4046 et
841 3991 886 4063 qui
898 3993 981 4049 muita

189 4079 285 4150 sapius
299 4079 414 4150 pignora
425 4079 518 4151 cepisti
531 4079 589 4150 ejus
602 4079 673 4136 eirca
688 4089 715 4136 te
726 4095 813 4147 curse,
827 4093 855 4138 et
868 4083 993 4154 prophet

189 4178 229 4227 tas
241 4178 270 4228 et
281 4170 419 4242 apostolos
432 4169 540 4238 audisti,
561 4179 589 4228 ct
607 4184 656 4242 per
677 4171 749 4242 ipsas
768 4187 812 4228 res
836 4173 983 4230 instructos

189 4279 228 4335 es,
240 4280 293 4323 nec
305 4265 339 4320 ad
352 4263 475 4321 mmdcm
489 4280 550 4321 cum
564 4265 629 4336 ipsis
641 4279 794 4321 mensuram
805 4265 909 4322 uirtutis
922 4282 983 4338 per·

189 4359 279 4412 ventre
303 4354 473 4412 contendasi
498 4355 590 4428 Nagos
617 4355 697 4426 igitur
723 4354 819 4412 borum
844 4357 982 4414 bominum
1021 4413 1025 4420 ‚

189 4447 283 4515 virtus,
298 4447 385 4502 multo
396 4449 487 4504 autem
499 4446 586 4518 major
597 4446 644 4502 bet
656 4447 809 4516 clementia,
824 4456 851 4504 et
866 4448 935 4505 banc
949 4464 982 4506 ex

190 4540 244 4610 ipsa
267 4540 401 4595 minarum
417 4539 598 4612 magnitudine
612 4539 768 4608 conspicere
780 4541 852 4598 iicet.
878 4540 918 4598 Ob
932 4542 983 4599 boc

189 4622 267 4688 enim
281 4633 423 4690 sententia
445 4649 500 4690 non
521 4631 624 4688 addidit
641 4651 648 4690 :
665 4632 692 4690 Si
713 4649 776 4690 nero
799 4635 982 4705 poernitentiam

189 4726 307 4796 egeritis,
323 4739 443 4796 pomam
458 4733 489 4782 ut
501 4711 665 4782 indefinitam
680 4725 797 4782 intereas
810 4729 981 4796 senteutiam,

662 341 709 402 sb
721 339 887 402 saeuiunt
905 340 1161 404 subiectissime
1177 346 1292 407 immin.
1314 349 1347 408 V.

1795 357 1831 416 ts

1036 462 1256 534 submergamus,
1272 476 1299 523 et
1312 467 1406 526 ciuitas
1417 469 1527 526 amitino
1540 468 1631 528 stabit.
1656 469 1748 543 itaque
1761 471 1831 543 tngo

1033 554 1107 611 nniia
1121 554 1198 613 nobis
1211 557 1328 624 utilitas,
1346 559 1417 617 sicut
1438 577 1488 618 nec
1506 562 1580 617 iiiam
1602 562 1663 636 iuga
1684 562 1830 636 quidquam

1032 645 1149 718 adjuvit,
1171 646 1293 718 quinimo
1307 660 1335 706 et
1348 651 1417 708 lusit
1434 670 1442 707 ε
1457 653 1575 727 fugiebat
1596 670 1662 727 ergo
1674 665 1789 723 terram,
1803 663 1831 712 ct

1033 741 1081 797 bet
1095 741 1162 798 iram
1174 757 1228 798 non
1242 741 1393 814 ctiugiebat.
1409 743 1538 819 Fugiebat
1550 758 1662 818 terram,
1675 759 1703 805 et
1713 749 1740 805 in
1752 763 1828 804 mare
1852 742 1857 757 '

1032 839 1220 906 tempestatem
1242 834 1375 892 induxit:
1398 854 1449 896 nee
1469 847 1571 896 tantum
1590 840 1691 896 nntium
1713 855 1748 896 er
1768 838 1830 912 iuga
1853 833 1856 847 '

1032 925 1133 984 bonum
1146 936 1242 986 nactas
1255 941 1308 997 cst,
1324 928 1465 989 sedetiam
1477 947 1524 990 eos
1537 933 1582 1006 qui
1596 949 1627 994 sc
1641 943 1830 1007 suscepemnt,

1033 1018 1060 1075 io
1072 1028 1221 1078 extremum
1236 1021 1384 1094 periculum
1397 1022 1524 1093 adduxit,
1545 1033 1573 1083 et
1584 1025 1692 1098 quando
1703 1027 1832 1099 navigans

1033 1109 1061 1166 ia
1073 1111 1180 1182 navigio
1192 1111 1314 1184 sedebat,
1326 1122 1353 1170 ct
1362 1123 1452 1172 nantas
1466 1123 1493 1171 ct
1503 1116 1695 1189 gubernatores
1706 1118 1830 1188 aderant,

1032 1203 1174 1277 omnisque
1191 1205 1314 1262 nauticus
1326 1215 1491 1278 apparatus,
1508 1206 1542 1266 dc
1556 1209 1684 1267 extremis
1697 1210 1833 1281 periciitu·

1033 1296 1112 1354 batur
1128 1314 1135 1353 ι
1152 1308 1292 1372 postquam
1313 1308 1403 1358 autem
1425 1299 1453 1356 ia
1476 1316 1550 1358 marc
1565 1302 1711 1374 projectus,
1727 1309 1756 1359 et
1769 1317 1832 1374 pec·

1032 1397 1121 1446 catum
1133 1405 1183 1462 per
1195 1391 1355 1464 supplicium
1366 1391 1516 1464 deponens,
1532 1394 1558 1448 in
1574 1393 1734 1450 immensum
1746 1391 1833 1451 dedu·
1848 1394 1852 1401 '

1032 1491 1093 1539 ctus
1103 1492 1145 1540 cst
1157 1485 1302 1557 navigium,
1317 1487 1371 1542 ceti
1383 1485 1486 1544 sciiicet
1500 1494 1632 1556 ventrem,
1648 1488 1733 1544 muita
1747 1487 1834 1560 patie-

1032 1575 1112 1634 batur
1133 1576 1265 1646 iibertate,
1289 1588 1319 1634 nt
1339 1579 1438 1648 discas,
1462 1580 1531 1637 sicut
1552 1581 1578 1635 ia
1602 1581 1719 1652 peccatis
1732 1581 1834 1638 virenti

1033 1686 1122 1744 neque
1136 1674 1271 1744 nauigium
1287 1673 1417 1745 prodest,
1439 1674 1478 1731 sic
1493 1683 1603 1746 peccato
1621 1683 1730 1732 exutum
1745 1689 1834 1746 unoque

1033 1777 1108 1820 mare
1120 1751 1253 1836 pcrdcre,
1270 1779 1358 1836 neque
1371 1765 1471 1822 bestias
1483 1765 1624 1822 decorare.
1640 1766 1730 1838 lpsnm
1750 1765 1832 1837 igitur

1033 1854 1113 1910 undae
1125 1864 1310 1927 susceperunt,
1321 1871 1372 1914 uec
1384 1855 1582 1913 sudtrcaucrunt
1593 1874 1599 1910 :
1611 1865 1687 1914 cetus
1700 1855 1828 1928 suscepit,

1033 1956 1062 2002 ct
1081 1961 1135 2002 nort
1159 1943 1294 2004 interemit
1307 1963 1315 2014 ;
1329 1962 1423 2004 semna
1437 1957 1466 2003 ut
1488 1949 1606 2018 animai,
1627 1959 1654 2006 et
1668 1949 1832 2006 clementum

1034 2037 1169 2096 incolume
1181 2037 1332 2110 depositum
1351 2039 1408 2095 [iso
1421 2040 1614 2107 reddiderunt3
1636 2050 1664 2098 ct
1680 2057 1729 2113 per
1743 2042 1833 2099 omnia

1034 2130 1224 2188 instituebatur
1236 2132 1378 2203 propbeta,
1391 2140 1423 2189 ut
1434 2141 1507 2189 esset
1526 2142 1681 2190 mansuetus
1694 2142 1722 2190 ct
1736 2133 1833 2189 buma-

1033 2238 1096 2292 nns,
1111 2231 1140 2280 et
1150 2238 1238 2294 nequo
1249 2222 1339 2280 stnitis
1354 2225 1452 2291 nautis,
1466 2239 1554 2298 aeque
1567 2221 1633 2281 ieris
1646 2224 1734 2293 undis,
1747 2239 1835 2297 acque

1032 2314 1128 2374 bestiis
1140 2314 1279 2373 crudelior
1291 2325 1372 2372 esset.
1392 2315 1500 2372 Etenim
1512 2325 1601 2373 nautae
1619 2331 1672 2372 non
1692 2317 1719 2373 in
1733 2316 1834 2389 princi·

1032 2410 1079 2481 pic
1092 2408 1193 2474 statim,
1207 2405 1257 2464 sed
1272 2417 1331 2480 post
1345 2407 1458 2464 munitam
1471 2407 1660 2468 necessitatem
1673 2408 1760 2480 ipsum
1771 2422 1834 2480 pro-

1033 2501 1181 2568 didcmnt;
1202 2515 1277 2557 mare
1291 2516 1356 2558 acro
1378 2508 1407 2557 et
1429 2500 1516 2559 bestia
1529 2515 1590 2558 cura
1614 2501 1698 2557 muita
1712 2499 1834 2558 benovo-

1035 2592 1116 2651 ientia
1142 2591 1349 2662 custodierunt,
1372 2591 1429 2648 Deo
1454 2592 1513 2650 baec
1535 2593 1625 2650 omnia
1647 2593 1832 2666 disponsante.

1034 2681 1126 2745 Rediit
1145 2683 1246 2756 igitur,
1269 2681 1441 2756 predicavit,
1465 2684 1583 2740 minatus
1604 2693 1662 2752 est,
1686 2683 1831 2755 persuasit,

1034 2771 1159 2840 saluauit,
1174 2773 1280 2839 terruit,
1294 2773 1424 2840 conexit,
1439 2781 1469 2828 ct
1485 2788 1537 2830 una
1550 2774 1691 2845 primaque
1704 2773 1835 2845 predica·

1034 2865 1109 2923 tione
1121 2865 1238 2921 drmanit
1253 2882 1260 2918 s
1277 2864 1449 2938 nequeenim
1467 2865 1614 2922 muitarum
1635 2865 1740 2922 dierum
1761 2864 1835 2922 indi·

1033 2957 1108 3030 guit,
1126 2971 1213 3029 acque
1226 2957 1346 3015 continui
1360 2957 1484 3024 consilii,
1500 2956 1549 3015 sed
1563 2956 1637 3014 auda
1650 2957 1694 3014 iiia
1707 2957 1835 3030 loquutus

1033 3049 1137 3120 rerba,
1158 3064 1254 3109 omnes
1268 3049 1295 3106 in
1310 3051 1496 3124 poenitcatiam
1518 3049 1638 3108 deduxit.
1663 3049 1725 3125 idco
1744 3051 1834 3123 ipsum

1034 3159 1088 3201 noa
1110 3143 1202 3202 statim
1224 3143 1260 3202 de
1277 3143 1385 3217 navigio
1407 3144 1480 3201 Deus
1499 3143 1534 3200 ad
1559 3144 1652 3203 urbem
1672 3143 1766 3210 duxit,
1784 3144 1834 3200 scd

1034 3237 1206 3294 sentement
1220 3235 1397 3305 tradiderunt,
1413 3252 1489 3294 mare
1501 3245 1578 3306 ceto,
1591 3245 1668 3295 cetus
1681 3238 1749 3308 Deo,
1763 3238 1835 3294 Deus

1035 3328 1170 3398 Ninivitis,
1193 3339 1221 3387 et
1240 3331 1410 3403 perlongum
1432 3329 1573 3388 circuitum
1597 3327 1738 3402 profugam
1753 3329 1835 3388 resti-

1035 3423 1098 3493 tuit,
1119 3431 1149 3479 ut
1162 3437 1258 3480 omnes
1277 3423 1383 3492 doceat,
1404 3423 1452 3481 liei
1474 3437 1569 3480 munus
1590 3422 1709 3496 eiiugcre
1730 3424 1833 3495 impos·

1035 3514 1115 3573 sibile
1127 3528 1199 3572 esse.
1213 3513 1282 3572 Nam
1294 3530 1464 3588 quocumque
1476 3514 1536 3587 qnis
1549 3515 1751 3587 prcdciscatnr‚
1769 3531 1834 3587 pec-

1034 3615 1124 3666 catum
1138 3606 1314 3680 pertrahens,
1328 3605 1431 3665 intinita
1445 3605 1588 3664 sustinebit
1606 3605 1766 3663 detrimenta
1783 3625 1790 3663 ε
1806 3616 1835 3664 et

1034 3701 1059 3756 si
1072 3699 1211 3757 bominum
1226 3715 1306 3756 nemo
1320 3699 1409 3769 adsit,
1432 3701 1489 3772 ipsa
1507 3699 1696 3771 undecumque
1710 3710 1834 3758 creatura

1034 3807 1096 3850 sum
1111 3791 1255 3848 mults-ilii
1278 3793 1387 3849 resistet
1400 3791 1580 3849 uehementis.
1601 3791 1743 3864 Ne‘igitur
1763 3788 1834 3862 ingo

1026 3885 1148 3953 ,minum
1163 3893 1282 3942 nostram
1302 3885 1461 3950 credamus,
1484 3884 1533 3941 scd
1553 3898 1660 3940 snorum
1681 3882 1831 3938 mutationi.

1033 3974 1103 4032 Num
1117 3977 1189 4033 enim
1210 3977 1273 4048 quia
1292 3977 1320 4032 in
1341 3976 1449 4032 ciuitate
1471 3989 1583 4037 manes,
1606 3981 1747 4046 propterea
1763 3975 1834 4031 bons

1035 4069 1172 4139 irritatur,
1186 4079 1216 4124 ut
1229 4067 1334 4140 ingiasi
1347 4067 1478 4136 Quoniam
1493 4067 1620 4140 peccasti,
1634 4076 1776 4140 propterea
1789 4067 1833 4125 iu-

1034 4159 1170 4232 dignatur.
1195 4159 1278 4232 igitur
1291 4169 1430 4231 peccatum
1451 4159 1572 4232 depone,
1595 4169 1623 4216 et
1643 4159 1714 4217 nunde
1728 4159 1834 4216 viniacri

1034 4269 1136 4323 causa,
1159 4253 1220 4312 inde
1243 4254 1307 4310 maii
1328 4252 1427 4310 iontem
1451 4253 1569 4326 reprime
1583 4271 1590 4308 ι
1603 4254 1737 4310 contraria
1760 4251 1833 4310 enim

1035 4345 1177 4405 contrariis
1191 4360 1288 4425 curare
1301 4354 1329 4402 ct
1343 4345 1439 4401 modici
1458 4344 1562 4417 jubent.
1582 4345 1622 4400 Ex
1640 4345 1748 4416 crapnia
1768 4360 1834 4417 ergo

1035 4447 1098 4494 nata
1109 4446 1152 4495 est
1162 4437 1263 4495 iebris?
1275 4435 1363 4494 inedia
1375 4437 1499 4494 morbum
1512 4437 1659 4508 corrigunt.
1674 4437 1713 4491 Ex
1726 4435 1833 4492 tristitia

1022 4516 1096 4604 ¹quis
1110 4531 1260 4587 iniirmatus
1274 4531 1336 4586 esti
1357 4529 1477 4584 lotitiam
1492 4527 1554 4584 bnic
1568 4537 1657 4598 aptam
1673 4526 1833 4585 medicinam

1035 4638 1096 4682 esse
1116 4623 1219 4681 dictant.
1244 4622 1289 4678 Sic
1304 4631 1332 4678 et
1347 4621 1374 4676 in
1398 4621 1495 4676 animm
1517 4618 1720 4691 egritudinibus
1743 4621 1834 4676 iacere

1035 4723 1154 4786 oportet.
1171 4713 1240 4771 iram
1253 4722 1346 4784 torpor
1358 4711 1505 4769 excitauit?
1520 4711 1650 4768 industria
1661 4710 1732 4767 banc
1744 4713 1834 4785 repet-

190 4825 290 4874 metum
305 4825 433 4890 augeret,
454 4831 486 4874 as
498 4825 571 4874 metu
582 4824 662 4874 auctu
674 4817 787 4874 eeierius
799 4817 832 4875 ad
847 4819 982 4890 poenioen.
1018 4877 1022 4884 Β
1036 4806 1139 4874 iuratus,
1155 4806 1321 4879 multamque
1342 4821 1396 4878 prae
1417 4806 1494 4861 nobis
1514 4804 1632 4862 ieramus
1645 4805 1831 4861 mutationem.

190 4909 252 4964 qiam
265 4909 450 4980 compelleret,
464 4909 497 4966 Et
509 4909 639 4982 prophem
652 4909 758 4980 quidem
770 4911 903 4970 erubescit
913 4912 984 4972 futu.
1035 4900 1171 4972 Jejunium
1193 4899 1324 4957 habemus
1346 4899 1551 4968 auxiliabimini,
1576 4909 1604 4954 ei
1623 4898 1834 4955 commilitonem

190 5017 247 5058 mm
269 5003 359 5060 geum
380 5010 409 5060 οι
428 5001 603 5075 mmmm,
625 5003 697 5075 quoq
718 5003 815 5062 intecta
839 5005 984 5062 mpngqunq
1036 4995 1202 5058 marimum,
1218 5003 1247 5050 et
1260 5003 1356 5065 practer
1374 4994 1506 5066 ieiunium
1521 4995 1666 5051 instantem
1683 4991 1833 5063 angustiam
1857 4991 1871 5086 ἶ

165 5102 172 5114 ·
190 5094 279 5162 quen„
301 5094 373 5151 psus
391 5103 481 5153 susem
494 5111 549 5152 mn
571 5095 725 5164 erubescit,
747 5097 795 5154 seq
808 5113 889 5154 unum
904 5099 983 5156 num.
1036 5102 1065 5149 ct
1076 5091 1188 5164 pcricuii
1205 5092 1339 5148 tinmrem.
1353 5089 1485 5149 Instemus
1497 5091 1578 5164 igitur
1591 5090 1687 5145 animm
1700 5085 1752 5142 boc
1767 5093 1834 5140 tcm·
1857 5080 1869 5095 “’

191 5194 276 5256 urat,
292 5187 432 5244 bominum
450 5187 551 5246 scilicet
563 5189 694 5256 salutem,
709 5188 818 5261 quaerit,
836 5200 864 5246 et
877 5205 983 5247 servum
1014 5199 1103 5256 ‚pure
1124 5204 1131 5242 :
1153 5185 1254 5240 etenim
1276 5184 1327 5256 ipsi
1351 5185 1441 5241 omnia
1465 5196 1639 5256 tuscumque
1657 5177 1835 5244 mittimus·

172 5291 266 5338 'suum
281 5281 417 5339 emendat.
435 5281 577 5355 Postquam
590 5281 807 5355 enimaaniginm
822 5283 867 5341 iiie
882 5284 984 5355 ingres-
1036 5276 1115 5334 [tuiis
1136 5276 1297 5349 persuadere
1319 5278 1476 5350 poterimus.
1502 5273 1617 5332 Pauidus
1638 5270 1709 5326 enim
1730 5276 1757 5326 et
1781 5279 1837 5326 tro·
1951 5263 1957 5273 '

170 5389 235 5430 was
248 5384 311 5440 aa,
333 5375 423 5430 mentm
445 5375 569 5432 metavit
590 5389 675 5443 mara,
695 5383 725 5431 ut
744 5375 833 5434 discas
853 5377 924 5449 quod
937 5377 983 5434 uhi
1013 5428 1015 5435 ,
1037 5384 1135 5438 mens,
1157 5378 1186 5426 et
1208 5385 1225 5425 a
1246 5369 1349 5426 deliciis
1371 5369 1496 5428 omnibns
1520 5361 1676 5435 expeditus,
1701 5372 1782 5434 atque
1810 5364 1836 5416 in

193 5474 348 5535 nmium,
363 5465 401 5521 nt
415 5464 544 5537 pmcne,
557 5465 603 5523 unt
617 5465 808 5533 coenonema,
823 5467 858 5524 tat
872 5466 984 5524 nunua-
1038 5462 1261 5531 succrevimus,
1287 5463 1363 5519 tacite
1385 5455 1567 5534 niivsoahtri
1592 5463 1698 5527 petet,
1721 5463 1750 5511 et
1775 5469 1835 5511 cunt

192 5556 228 5612 tio
241 5574 250 5612 s
263 5565 293 5614 et
314 5557 485 5630 quatiebatur
505 5556 612 5630 quidem
632 5558 725 5616 ciritae
745 5569 855 5632 propter
873 5567 984 5632 peccata
1037 5556 1119 5613 muita
1133 5557 1271 5614 alacritate
1285 5555 1391 5612 uirtutis
1402 5551 1505 5610 semina
1524 5549 1670 5622 suscipere.

193 5647 377 5719 mninitarum,
399 5651 569 5725 quatiebatur
586 5660 675 5709 antem
689 5661 718 5708 et
729 5651 863 5724 nauigium
876 5661 984 5726 proptor
1010 5713 1016 5723 ‚
1074 5652 1101 5706 7.
1116 5650 1269 5708 duramento
1281 5649 1395 5704 citando.
1408 5674 1444 5686 —
1458 5643 1577 5700 Primum
1594 5642 1675 5715 igitur
1684 5642 1709 5698 ci
1724 5653 1833 5714 persna-

195 5745 330 5816 propbete
352 5745 569 5804 inobedientiam.
593 5745 634 5802 iiii
654 5744 841 5818 igituricnam
861 5747 888 5806 in
909 5761 985 5805 arare
1037 5747 1167 5814 deamus,
1190 5754 1219 5802 ut
1237 5761 1253 5799 a
1272 5745 1485 5814 iuramentomm
1498 5738 1561 5812 iuga
1575 5737 1749 5795 mutationem
1763 5732 1833 5788 iuci-

195 5834 366 5910 dei'ffl’it
385 5848 413 5896 ⁰¹
433 5839 507 5898 stetit
518 5838 653 5914 navigium
666 5857 673 5895 ι
688 5853 738 5898 nos
750 5853 858 5914 quoque
876 5849 984 5914 peccata
1007 5901 1014 5910 ,
1038 5842 1095 5914 piat
1109 5859 1115 5897 :
1131 5840 1181 5896 etsi
1203 5837 1276 5898 enim
1296 5833 1353 5894 ieri
1375 5843 1403 5893 ct
1425 5832 1620 5892 nudiustertius
1632 5828 1667 5886 de
1687 5827 1739 5884 boc
1758 5823 1832 5882 robis
