4142 6342
272 308 322 365 bil
497 305 527 363 S.
546 302 641 363 toan.
661 301 846 381 chutsosr.
866 298 1027 358 hROElEP.
1046 296 1313 355 consessurum.
1334 300 1379 357 bs:
1398 298 1486 358 leB.
1506 299 1620 359 south.
1641 301 1684 360 tlt.
1857 307 1913 367 272

275 422 414 487 existimem,
425 418 499 491 qrnri
511 416 652 488 putredine
667 414 784 485 undiquc
797 419 955 483 corruperat
973 410 1068 467 diabo-
1121 408 1226 479 sudines,
1240 426 1315 480 quam
1325 420 1353 465 ut
1362 412 1449 483 juxtus
1462 413 1659 487 apparerexidob
1671 414 1715 472 to.
1741 416 1788 491 bi?
1805 422 1912 489 percul-

276 514 327 567 brs.
344 510 461 567 Rursum
473 509 501 565 hi
515 522 646 581 pauperes
659 506 754 563 saltem
763 505 899 562 subrectis
912 501 1067 559 suntresti-
1121 515 1167 556 sus
1180 502 1224 557 ille
1239 502 1376 573 respondit
1390 522 1397 559 ι
1410 503 1514 559 honum
1526 506 1620 576 ponam
1630 522 1706 578 super
1716 523 1744 562 ox
1758 524 1859 564 numm:
1869 528 1911 566 xe·

276 602 402 658 lrulorum
413 601 442 657 in
451 600 564 667 balneis,
577 598 672 655 saltem
682 597 792 653 latibulo
801 604 935 667 teguntum
948 594 995 651 ille
1004 608 1069 649 rero
1121 594 1171 648 met
1181 590 1297 662 loquutur
1307 609 1373 663 rum,
1381 594 1490 650 meando
1503 611 1552 651 non
1563 596 1656 653 addam
1675 595 1729 667 (lb.
1743 614 1766 653 o.
1778 599 1805 655 l.
1821 600 1849 671 5)
1861 618 1869 654 ι
1882 616 1914 659 ae

275 693 326 749 snb
336 692 382 749 dio
390 699 469 749 nocte
481 689 578 761 dieque
589 704 697 759 semper
705 688 828 759 degebat,
842 701 930 758 neque
939 684 1069 758 simplicis
1122 699 1238 752 rursum,
1251 683 1377 757 Urqaeed
1395 688 1466 741 ouria
1477 687 1591 742 auditum
1602 688 1720 745 audirite
1730 698 1823 755 entem·
1846 707 1914 747 nune

273 784 339 851 teeti
359 784 484 842 solatium
512 791 625 836 nactus:
639 779 763 852 qnodque
775 778 883 851 gravius
894 785 949 843 est,
964 776 993 830 hi
1010 774 1069 846 qui·
1122 784 1206 831 nutem
1215 776 1302 833 ocutus
1311 794 1380 832 meur
1389 776 1494 839 oiditte.
1504 776 1588 847 Quare
1595 780 1718 849 meipsum
1730 779 1804 834 uilem
1812 790 1915 851 repute-

193 894 199 901 .
275 876 336 928 rtem
349 873 492 930 multorum
505 870 557 929 sibi
566 869 698 925 malorum
715 870 817 926 conscii
835 875 916 935 sunt;
935 867 981 923 ille
1005 879 1071 920 vern
1122 866 1156 932 ai,
1180 874 1203 921 et
1215 866 1316 923 eatnhm
1329 884 1339 923 :
1352 870 1465 941 reputari
1476 879 1561 926 autem
1572 869 1796 943 meipsumterrnm
1809 880 1833 927 et
1846 872 1915 927 cine-

276 966 375 1021 nullius
384 964 434 1021 sibi
444 964 568 1021 conscius
577 970 636 1019 erat
646 964 667 1019 ¹.
679 961 831 1019 llocantem
845 962 871 1017 in
881 959 1070 1042 singulisque
1122 973 1175 1013 rem
1190 954 1243 1031 (tt.
1252 956 1296 1014 ts.
1310 959 1335 1015 5.
1349 958 1388 1030 6).

276 1054 646 1124 queensibnsobserrandum
657 1062 698 1111 est
709 1072 716 1109 :
728 1052 800 1126 quod
809 1068 874 1109 sane
883 1052 1012 1122 majorem
1019 1040 1071 1118 ipsi
1159 1048 1186 1105 6.
1206 1047 1282 1116 Quod
1297 1050 1320 1107 si
1333 1050 1391 1107 hee
1402 1051 1467 1109 satis
1479 1050 1514 1109 ad
1525 1052 1735 1109 consolationem
1747 1048 1808 1109 esse
1820 1062 1912 1125 putas,

276 1147 398 1203 dolorem
418 1147 601 1219 majoremque
621 1147 781 1203 anxietatem
795 1145 931 1215 pariebat,
946 1142 1017 1215 quod
1036 1156 1072 1198 ne
1124 1140 1225 1211 poteris
1234 1149 1263 1198 et
1276 1141 1331 1213 ipse
1347 1142 1397 1198 bae
1410 1142 1593 1199 consolatione
1603 1143 1665 1200 lrui.
1685 1142 1752 1201 Nam
1775 1143 1838 1201 licet
1860 1159 1914 1199 non

277 1252 385 1295 cansam
399 1238 506 1309 quidem
520 1238 729 1309 contingentium
751 1222 882 1291 malornm
902 1240 1001 1290 nosset.
1018 1230 1069 1297 lili,
1124 1245 1173 1303 pro
1185 1231 1240 1287 beo
1254 1231 1353 1303 aliquid
1366 1230 1429 1288 mali
1442 1230 1646 1299 sustineas,sed
1659 1246 1693 1293 ex
1707 1233 1844 1290 hominum
1862 1250 1913 1292 no·
2032 1260 2033 1263 ¹

278 1328 398 1400 inquam,
411 1327 446 1383 de
457 1327 549 1384 multis
559 1342 590 1383 se
599 1341 725 1385 accusare
738 1334 878 1397 potnerunt
894 1343 901 1382 ι
914 1338 965 1381 nec
978 1336 1071 1395 parurn
1123 1331 1257 1391 cemento,
1266 1324 1289 1379 si
1298 1324 1396 1395 gratias
1406 1325 1491 1395 ageris
1504 1338 1554 1380 nec
1564 1323 1792 1393 blasphemaveris
1804 1324 1831 1379 iu
1839 1340 1912 1391 enm,

192 1449 196 1456 ι
280 1419 391 1477 iiludad
404 1420 614 1476 consolationem
629 1419 719 1490 jurat,
743 1432 803 1474 cum
818 1417 878 1488 jore
906 1416 955 1473 sibi
978 1429 1072 1487 penas
1124 1416 1169 1489 qui
1182 1416 1313 1489 impedire
1325 1417 1432 1491 quidem
1446 1424 1562 1488 poterat,
1582 1414 1676 1473 sedari
1689 1426 1761 1473 tuam
1776 1416 1913 1487 probatio·

279 1509 362 1584 ittffitl
385 1500 552 1581 &noscibilis
568 1509 614 1565 ille
632 1519 721 1564 antem
735 1508 786 1564 hac
798 1516 1073 1564 racuuseratconso·
1124 1523 1185 1565 nem
1204 1510 1335 1580 permisit,
1359 1509 1429 1567 sicut
1442 1509 1460 1566 ii
1469 1509 1513 1581 qui
1538 1517 1647 1581 propter
1669 1508 1754 1563 mum
1778 1509 1914 1580 patiuntur

234 1638 239 1647 ·
269 1604 387 1672 ‚latione
400 1613 428 1663 et
452 1618 513 1661 cum
523 1603 605 1657 ritarn
621 1604 719 1657 rirtute
732 1594 837 1671 plenxim
860 1599 997 1664 duxisset,
1022 1612 1071 1653 ex·
1124 1600 1338 1667 coronantur,sie
1350 1607 1378 1656 et
1390 1608 1419 1657 tu
1432 1598 1553 1667 eamdem
1563 1597 1736 1669 consequeus
1749 1597 1911 1665 mercedem,

278 1708 363 1764 trema
376 1695 639 1753 sceleratissimorum
649 1692 779 1764 supplicia
794 1691 892 1748 luebat.
908 1690 950 1757 lli,
966 1690 1010 1761 qui
1025 1703 1073 1759 pe·
1124 1692 1185 1763 quia
1198 1691 1284 1748 illatas
1299 1691 1345 1748 tibi
1355 1692 1389 1748 ah
1403 1692 1556 1748 hominihus
1567 1690 1733 1747 calamitates
1746 1689 1851 1747 lortiter
1873 1702 1914 1746 tu·

267 1803 327 1858 ¹nes
338 1802 389 1845 nos
401 1798 476 1855 sunt,
491 1801 621 1858 pauperes
631 1784 687 1856 jam
700 1785 764 1840 olim
777 1799 792 1839 a
805 1782 935 1854 principio
951 1781 1013 1837 huic
1023 1794 1071 1835 ea·
1124 1783 1189 1853 listi,
1202 1786 1262 1840 etei
1277 1787 1391 1856 quicum
1405 1784 1463 1841 illas
1476 1782 1619 1856 prohibero
1638 1789 1745 1853 posset,
1772 1782 1858 1838 noluit
1872 1791 1914 1836 tn·

277 1878 390 1937 lamluti
403 1887 467 1934 snnt
480 1877 598 1943 assueti;
612 1876 658 1932 ille
667 1890 732 1932 vero
746 1875 909 1945 inopinatam
931 1871 990 1929 tulit
1004 1887 1071 1942 pau·

277 1966 856 2041 pertatem,coniestimdinitiarumjacturam
865 1962 1068 2034 passusQuexn·

277 2062 420 2119 admndum
442 2061 522 2133 igitur
538 2074 646 2117 eausam
673 2057 937 2115 calamitatumnosse
946 2069 1071 2126 magnum

276 2152 358 2209 albert
371 2152 404 2209 ad
412 2152 621 2208 consolationem
636 2157 812 2216 momentum,
825 2147 862 2202 ita
875 2161 929 2202 non
940 2146 1071 2201 minorem

231 2293 234 2298 ,
279 2242 389 2311 paritio
404 2239 676 2314 paupertatemque
693 2239 805 2311 pristina
818 2237 938 2311 ejusdem
959 2251 1070 2307 pauper·

278 2333 340 2389 tntis
346 2334 501 2389 exercitatio
516 2351 524 2388 r
537 2340 711 2401 utrorumque
723 2323 812 2387 autem
823 2330 911 2397 iustus
921 2327 966 2385 ille
975 2336 1071 2397 expers

267 2434 348 2487 erat,
361 2439 449 2493 nerine
464 2432 551 2479 tamen
561 2424 601 2479 sic
613 2422 704 2477 arrimo
717 2420 843 2479 concidit.
858 2418 952 2475 Vidisti
971 2432 1032 2473 eum
1043 2417 1070 2471 in

276 2522 424 2570 extremam
436 2512 572 2571 redactum
584 2522 779 2585 paupertatem,
788 2512 830 2568 cni
843 2510 938 2569 similis
956 2509 1028 2565 nulla
1041 2523 1070 2565 es

276 2604 496 2675 repotesthuid
509 2605 581 2661 enirn
595 2605 668 2661 nudo
675 2612 799 2674 tectoque
806 2610 915 2658 carente
927 2600 1070 2672 pauperius

276 2693 356 2750 tuerit
366 2696 379 2749 t
391 2694 448 2750 imo
458 2694 504 2749 ille
515 2709 550 2750 ne
563 2694 670 2767 quidem
682 2693 769 2750 solnm
782 2706 834 2763 qno
848 2689 976 2764 panderet
988 2690 1070 2746 habe·

276 2783 341 2849 hat;
355 2799 443 2855 neque
455 2784 563 2841 enimin
576 2794 665 2853 terra,
679 2783 762 2841 sedin
775 2781 966 2839 ilmosedebat.
978 2780 1069 2851 ltaque

275 2889 335 2929 curn
346 2881 373 2929 te
386 2874 486 2931 rideris
500 2883 654 2946 paupertate
675 2873 813 2938 afflictum,
824 2874 910 2944 ragita
921 2872 984 2943 justi
997 2871 1069 2927 illius

275 2963 452 3026 calamitatem
461 2964 604 3034 statimque
612 2964 730 3019 nmmum
739 2964 836 3035 eriges,
845 2971 988 3020 etomnem
998 2977 1069 3019 moe·

276 3052 345 3108 roris
357 3053 502 3123 eoqtumn
515 3053 641 3124 repelles.
655 3054 743 3124 htque
756 3054 814 3110 bec
836 3053 943 3125 quidem
955 3053 1066 3125 calami·

269 3143 447 3199 insomnium
461 3143 592 3200 malorum
605 3143 681 3215 quasi
696 3143 898 3200 solidamentum
914 3142 1067 3199 homiuibus

274 3248 335 3291 esee
353 3233 472 3301 ridetur;
493 3235 577 3291 altera
591 3250 655 3292 rero
667 3236 809 3307 posterior,
823 3236 877 3291 imo
897 3235 996 3306 prior‚·
1010 3240 1068 3290 erat

227 3359 229 3362 .
275 3326 395 3397 corporis
406 3326 493 3397 plaga.
500 3326 567 3395 Quis
577 3342 703 3397 umquam
717 3326 865 3392 boemorbi
878 3341 978 3398 genere
989 3325 1065 3382 labo·

273 3415 360 3471 raritt
371 3417 430 3487 quis
445 3417 524 3473 talem
531 3416 715 3489 egritudinem
737 3418 817 3473 tulitl
829 3417 888 3488 quis
898 3417 975 3473 talem
986 3430 1066 3472 exce·

274 3504 313 3573 pit
326 3506 440 3577 plagam
454 3507 590 3563 eutalium
603 3508 779 3579 excipientem
790 3507 877 3563 sidit?
894 3507 979 3563 Nemo
990 3521 1064 3563 sane.

274 3596 403 3652 Paulatim
415 3597 465 3667 ipsi
485 3612 583 3667 eorpus
594 3598 792 3665 absumebatur,
810 3598 931 3655 membra
948 3597 1066 3669 undique

274 3686 410 3743 xerrnibns
429 3688 578 3755 scatebant,
588 3696 734 3760 perpetuus
743 3689 852 3745 eratille
864 3687 961 3755 buxus,
976 3696 1003 3743 et
1014 3689 1066 3745 im·

274 3782 318 3857 tor
329 3776 446 3849 undique
454 3778 638 3849 pravissimus,
652 3794 803 3852 corpusque
814 3779 878 3835 dum
892 3780 933 3837 sie
941 3780 1064 3851 paulatim

273 3867 394 3925 interiret
407 3877 435 3925 et
443 3878 517 3927 tarrta
528 3870 668 3943 putredine
681 3871 840 3938 tabesceret,
855 3871 973 3942 ingratos
984 3872 1064 3925 etiam

272 3957 347 4016 ribos
360 3960 497 4029 reddebat,
508 3962 646 4035 amesque
655 3964 693 4018 illi
704 3972 762 4019 erat
771 3964 875 4019 insolita
887 3961 1064 4024 incredibilis·

272 4064 325 4121 qne
338 4064 348 4106 x
360 4066 448 4123 neque
461 4054 531 4110 enim
543 4054 633 4110 oblato
656 4054 717 4110 cibo
731 4053 783 4109 troi
807 4063 921 4125 poterat.
938 4054 1064 4111 Fetorem

272 4140 356 4210 euim,
365 4141 459 4212 inquit,
471 4143 542 4199 niden
551 4160 604 4199 exre
612 4145 680 4201 cibor
692 4161 759 4199 mcor
767 4143 826 4218 (tot
841 4144 868 4201 b.
893 4147 931 4216 7).
939 4145 1005 4201 Cum
1017 4162 1064 4201 er·

257 4228 344 4300 ‚rotn
363 4232 486 4307 morbum
509 4232 774 4303 inciderisohomo,
797 4235 1064 4307 reeordarecorporis

271 4317 343 4375 illius
355 4330 507 4392 sanctaque
520 4323 608 4378 carnis
621 4340 629 4377 r
643 4332 734 4380 sancta
746 4326 844 4395 quippe
853 4334 911 4381 erat
923 4334 1003 4397 atque
1015 4342 1065 4397 pu·

271 4423 318 4477 ra,
331 4409 393 4467 lieet
419 4410 460 4466 bis
472 4412 627 4469 uulneribus
651 4412 757 4469 allecta.
781 4415 810 4471 Si
822 4418 883 4487 quis
905 4418 931 4473 in
944 4419 1063 4474 exercitu

272 4502 376 4573 positus
398 4502 496 4573 injuste
516 4505 641 4577 nullaque
653 4508 748 4563 saltem
771 4507 902 4580 probabili
917 4507 959 4565 'de
983 4522 1063 4565 musa

270 4594 344 4665 ligno
365 4609 520 4672 suspensus,
534 4596 678 4653 laterasibi
698 4598 808 4655 lacerari
837 4597 942 4665 rideat,
963 4614 1064 4669 nequa·

270 4701 350 4757 qnam
362 4686 387 4743 id
401 4687 552 4759 ignominiae
563 4688 623 4745 loco
634 4689 741 4753 habeat,
754 4705 840 4762 neque
849 4705 879 4747 se
892 4690 985 4747 dolore
999 4706 1063 4747 cou-

265 4777 411 4844 deistunt,
425 4787 546 4835 sanetum
560 4780 634 4835 illum
647 4779 777 4836 memoria
790 4789 925 4851 repetens.
950 4783 985 4837 ht
1004 4782 1061 4851 ille,

272 4871 387 4939 inquies,
396 4884 528 4926 snrnrnnm
541 4869 635 4926 babuit
647 4871 871 4937 consolationem,
885 4872 957 4944 quod
981 4874 1063 4929 sciret

272 4959 355 5015 herrm
371 4960 429 5016 hec
445 4960 496 5040 sibi
508 4960 640 5033 inlligere.
655 4964 736 5036 htqui
751 4965 802 5021 hoc
823 4965 910 5035 ipsum
928 4965 1011 5036 magis
1030 4964 1063 5023 il-

270 5049 324 5105 lum
354 5050 477 5107 turbabat
495 5050 700 5125 affligebarque,
719 5054 790 5126 quod
814 5055 944 5127 cogitaret
961 5056 1061 5126 justum

270 5142 365 5208 iteum
391 5158 469 5217 quem
484 5145 542 5217 ipse
556 5147 629 5203 omni
644 5148 725 5205 modo
736 5148 878 5215 coluisset,
904 5164 996 5206 secum
1012 5165 1062 5221 pu·

267 5251 364 5305 girare-
375 5235 430 5294 Neo
444 5237 525 5294 ullam
537 5238 578 5295 vel
594 5238 757 5310 probabilem
768 5255 872 5308 eorum,
885 5256 946 5312 quae
956 5242 1061 5299 accide-

270 5326 343 5389 bant.
359 5343 466 5385 causam
484 5333 604 5403 reperire
616 5340 728 5401 poterat.
738 5332 804 5388 Nam
818 5332 861 5389 uhi
874 5332 981 5390 demum
996 5347 1062 5389 cau·

269 5430 327 5471 sam
339 5417 449 5484 didicit,
472 5421 532 5478 virle
545 5432 670 5493 quantam
681 5424 807 5493 pietatem
821 5423 980 5481 exhibuerit.
994 5425 1061 5482 Cum

269 5506 341 5560 euim
352 5506 389 5564 illi
399 5508 469 5567 oens
478 5510 544 5567 dixit
559 5528 567 5565 z
582 5510 672 5567 Alione
681 5523 754 5583 patos
767 5513 843 5569 niodo
853 5531 891 5569 nae
903 5515 947 5570 tibi
957 5517 1062 5571 oraculo

302 5638 439 5711 illareitte
456 5654 513 5694 sero
534 5644 624 5697 uuliirxr
644 5644 690 5697 ribi
707 5646 815 5697 tenuius
833 5654 895 5700 erat.
914 5649 1017 5699 deerant
1035 5651 1061 5699 in

269 5698 349 5759 ebrie,
362 5704 406 5752 sod
419 5717 449 5753 ex
463 5712 519 5771 seq.
532 5706 685 5787 supplentur,
695 5716 720 5759 et
731 5708 760 5758 ad
771 5722 869 5759 sensum
880 5711 1056 5764 desiderantur.

1124 1892 1197 1945 men,
1208 1876 1292 1949 gatias
1300 1876 1388 1948 egisti.
1402 1876 1472 1933 Ecce
1485 1875 1565 1945 igitur
1573 1883 1601 1930 et
1611 1880 1792 1944 paupertatem
1803 1881 1830 1931 et
1841 1887 1914 1928 mor·

1124 1968 1186 2025 bum
1197 1983 1276 2040 supra
1287 1968 1395 2025 modum
1409 1981 1516 2023 ornnem
1523 1966 1596 2038 josto
1607 1965 1813 2021 iilatnmridisti.
1829 1964 1913 2020 llisne

1124 2058 1203 2117 etiam
1217 2066 1247 2116 ut
1260 2058 1369 2127 bellum,
1383 2057 1454 2132 quod
1469 2057 1519 2128 ipsi
1533 2066 1626 2113 natura
1637 2056 1735 2123 intulit,
1746 2055 1840 2113 eodem
1850 2070 1912 2110 cnm

1124 2151 1225 2223 impetu
1238 2149 1333 2207 lorum
1349 2150 1435 2205 virum
1449 2148 1581 2205 inuasisse
1598 2146 1757 2204 ostendam?
1771 2146 1866 2201 herem
1883 2144 1914 2197 li-

1124 2240 1175 2299 lios
1183 2238 1312 2313 perdidit,
1326 2238 1419 2297 decem
1433 2239 1524 2303 simul.
1537 2238 1630 2313 decem
1647 2236 1741 2295 eodern
1764 2233 1914 2307 iuuentutis

1123 2333 1199 2400 tiore,
1213 2331 1306 2391 decem
1320 2332 1419 2389 virtute
1428 2331 1564 2403 praeditos,
1587 2344 1637 2385 nec
1651 2326 1785 2385 communi
1809 2332 1913 2381 naturae

1123 2424 1192 2496 lege,
1206 2422 1254 2480 sed
1268 2422 1385 2479 uiolenta
1397 2420 1598 2492 miserabilique
1618 2427 1715 2475 morte.
1741 2416 1807 2484 Quis
1830 2414 1911 2470 talem

1122 2516 1300 2573 calamitatem
1326 2514 1478 2585 exprimere
1504 2512 1609 2569 valenti
1637 2510 1721 2567 Nemo
1739 2525 1814 2565 sane.
1843 2508 1911 2565 Cum

1121 2618 1223 2677 ergoet
1234 2606 1356 2662 hlinmet
1374 2604 1457 2661 liliam
1480 2604 1560 2661 simul
1580 2601 1722 2667 amiseris,
1747 2614 1854 2655 recurre
1876 2598 1912 2653 ad

1119 2695 1220 2769 justum
1235 2698 1320 2766 illum,
1334 2698 1498 2768 multamque
1507 2694 1669 2752 nancisceris
1688 2690 1909 2748 consolationem.

1121 2789 1189 2845 Num
1202 2789 1262 2846 brec
1274 2797 1377 2847 tanturm
1387 2790 1439 2863 ipsi
1451 2789 1573 2845 accidere
1585 2785 1676 2843 malai
1690 2784 1845 2841 hmieomm
1868 2783 1912 2839 in·

1121 2894 1203 2951 super
1215 2878 1330 2937 delectio
1343 2887 1371 2935 et
1380 2878 1507 2949 proditio,
1518 2885 1676 2942 scommata,
1690 2873 1827 2941 conuicia,
1840 2871 1914 2927 deri-

1120 2971 1221 3041 siones,
1232 2971 1309 3028 sanni
1321 2989 1328 3025 ι
1342 2971 1375 3028 ab
1388 2969 1511 3027 omnbus
1524 2976 1615 3026 antem
1630 2966 1750 3023 direxari
1768 2978 1847 3035 qnam
1868 2963 1911 3019 in·

1121 3059 1287 3117 tolerandum
1300 3058 1395 3116 lueriti
1412 3058 1470 3115 uon
1483 3058 1554 3115 enim
1566 3058 1603 3115 ita
1611 3069 1791 3113 aerumnarum
1802 3061 1911 3119 natura,

1120 3160 1152 3218 ut
1159 3151 1188 3221 ii,
1203 3150 1248 3223 qui
1259 3150 1337 3207 nobis
1346 3164 1482 3207 erumnas
1491 3149 1664 3221 exprobrant,
1677 3146 1804 3203 mordere
1828 3144 1909 3199 solet.

1120 3241 1178 3299 Non
1192 3242 1336 3300 modonon
1351 3240 1454 3309 aderat,
1481 3239 1528 3315 qui
1547 3239 1744 3305 consolaretur;
1767 3236 1816 3294 sed
1831 3234 1910 3292 multi

1119 3332 1236 3406 undique
1246 3333 1381 3391 instabant
1392 3331 1586 3391 conviciantes.
1598 3328 1732 3401 Videsque
1756 3328 1832 3385 ihum
1857 3324 1910 3381 hae

1118 3424 1153 3481 de
1163 3440 1192 3481 re
1204 3425 1342 3496 conqueri,
1357 3423 1491 3481 aedicere
1504 3437 1512 3475 r
1529 3422 1562 3478 ιιι
1574 3436 1618 3477 ιιι
1633 3419 1753 3477 tmrdtm
1772 3434 1812 3473 mr
1841 3415 1909 3491 (tot

1119 3513 1164 3571 lb.
1175 3512 1214 3587 h),
1225 3526 1323 3585 eosque
1338 3509 1561 3569 immisericordes
1576 3516 1653 3567 vocat
1665 3507 1708 3565 his
1720 3506 1809 3563 verbis
1820 3523 1828 3561 ι
1841 3504 1910 3575 Quin

1119 3604 1303 3675 ebrequnerunt
1316 3619 1355 3659 nu
1364 3602 1472 3674 proniori
1484 3600 1549 3668 mei,·
1564 3608 1587 3656 et
1599 3598 1729 3657 domestici
1748 3597 1798 3651 mei
1819 3603 1910 3651 contro

1118 3712 1158 3751 me
1170 3694 1344 3766 loquebantur,
1365 3702 1389 3747 et
1403 3693 1471 3763 filios
1490 3691 1609 3765 pellicum
1633 3702 1746 3743 meamet
1766 3685 1909 3742 necabam:

1121 3786 1228 3842 illinere
1239 3785 1382 3841 resiliebant
1393 3782 1402 3857 ι
1412 3782 1453 3839 lb.
1467 3798 1491 3837 n.
1507 3783 1550 3839 rt.
1563 3780 1620 3853 ll).
1634 3780 1695 3849 nist,
1720 3778 1818 3849 inquit,
1844 3792 1908 3832 con·

1116 3878 1239 3949 spuebant
1251 3876 1279 3932 in
1289 3892 1337 3944 me,
1351 3892 1381 3930 nc
1396 3875 1530 3932 ludibrium
1543 3877 1626 3947 iectus
1640 3888 1697 3930 rum
1710 3871 1823 3928 omnibus
1838 3868 1906 3941 (doh

1117 3968 1163 4029 59.
1176 3968 1205 4025 9.
1220 3967 1266 4041 lb)
1280 3986 1287 4023 r
1301 3976 1325 4023 et
1338 3968 1405 4038 ipro,
1422 3964 1526 4037 inquit,
1541 3964 1615 4034 sertia
1639 3978 1679 4018 ure
1703 3962 1848 4018 abondnoto
1869 3968 1909 4017 ert
2017 3952 2023 3965 “

1116 4059 1177 4133 (tot
1191 4060 1219 4117 9.
1231 4058 1288 4130 bl).
1304 4059 1367 4115 llaec
1389 4071 1424 4113 oe
1444 4056 1535 4114 auditu
1554 4054 1661 4126 quidem
1675 4050 1793 4117 ierenda
1806 4050 1908 4131 nedum

1116 4151 1275 4222 ipsorerum
1298 4149 1369 4205 laeto
1393 4145 1559 4205 sustinenda.
1589 4144 1735 4215 Paupertas
1761 4148 1907 4205 extrema,

1115 4243 1227 4301 morbus
1239 4234 1431 4305 intolerandus,
1447 4244 1565 4293 noruset
1574 4233 1718 4301 inauditus,
1732 4238 1772 4289 tot
1778 4241 1806 4289 et
1814 4228 1907 4299 tabum

1117 4330 1231 4388 tiliorum
1244 4328 1354 4387 amissio
1366 4328 1411 4385 tali
1425 4326 1504 4385 modo
1513 4322 1593 4390 faeta,
1608 4322 1738 4391 convicia,
1747 4326 1906 4387 scommata,

1116 4421 1248 4495 vituperia
1258 4419 1463 4477 abhominibus.
1478 4416 1530 4475 atti
1544 4413 1651 4487 quidem
1666 4411 1812 4469 irridebant
1827 4451 1835 4475 ,
1861 4408 1908 4465 alii

1116 4512 1344 4576 conviciabantur,
1356 4510 1401 4566 alii
1424 4509 1597 4580 spernebant,
1611 4518 1666 4561 non
1678 4504 1778 4561 inimici
1791 4510 1906 4569 tantum,

1115 4604 1166 4663 scd
1179 4602 1312 4671 etamici;
1328 4600 1605 4664 nonamicitantnm,
1629 4595 1677 4654 aed
1703 4603 1731 4652 et
1754 4592 1906 4651 domestici.

1116 4695 1207 4768 Neque
1221 4692 1307 4750 solum
1320 4691 1467 4749 irridebant
1492 4695 1520 4746 et
1539 4686 1660 4745 convicia
1683 4684 1833 4756 iactabant,
1857 4682 1906 4738 sed

1116 4786 1196 4857 etiarn
1210 4780 1519 4849 abominabantnr;lxaec
1538 4792 1617 4852 porro
1640 4790 1695 4833 non
1715 4773 1838 4839 duobus,
1864 4772 1907 4827 rel

1116 4874 1262 4949 tribus„rel
1275 4874 1367 4933 decem
1380 4872 1483 4939 dicbus,
1506 4869 1554 4927 sed
1578 4868 1668 4925 multis
1688 4864 1825 4923 mensibus
1847 4880 1855 4918 ι
1879 4872 1907 4918 et

1115 4949 1186 5046 quod
1196 4967 1234 5023 illi
1247 4965 1294 5023 uni
1305 4963 1425 5035 contigit,
1437 4976 1471 5019 ne
1483 4960 1569 5017 noetis
1580 4958 1687 5030 quidem
1695 4954 1906 5029 consolationem

1116 5058 1240 5127 babebat,
1251 5056 1298 5116 sed
1312 5054 1414 5113 diurnis
1426 5051 1553 5107 erumnis
1568 5049 1749 5107 accessionem
1770 5045 1902 5118 majorem

1117 5150 1230 5225 iaciebat
1241 5158 1433 5207 nocturnarum
1448 5142 1622 5199 formidinum
1649 5130 1797 5213 phantasia.
1824 5138 1902 5207 Quod

1115 5246 1186 5303 enim
1203 5244 1246 5301 rel
1269 5242 1297 5299 in
1316 5239 1416 5297 somnis
1435 5236 1555 5309 qrariorn
1575 5247 1670 5307 passus
1683 5234 1727 5303 sit,
1742 5232 1805 5290 audi
1831 5232 1906 5289 illurn

1115 5337 1247 5394 dicentem
1260 5352 1267 5390 ι
1285 5334 1371 5401 Quare
1383 5347 1422 5387 me
1435 5328 1552 5386 terreris
1565 5325 1670 5396 mmnir,
1692 5334 1716 5381 et
1729 5326 1757 5382 in
1769 5322 1907 5381 sidonibus

1115 5444 1156 5483 me
1165 5434 1308 5483 conuenae
1321 5421 1384 5495 (lot
1397 5423 1423 5477 7.
1438 5418 1507 5491 rur
1532 5416 1597 5486 Quis
1609 5425 1663 5474 um
1686 5414 1790 5473 terrens
1814 5414 1905 5480 homo,

1115 5518 1174 5591 quis
1183 5516 1292 5573 adamas
1299 5514 1357 5571 haec
1368 5513 1438 5571 mala
1450 5512 1582 5569 sustinere
1595 5507 1696 5585 possiti
1706 5508 1772 5563 llam
1785 5507 1807 5561 si
1820 5502 1907 5577 quod·

1116 5610 1181 5667 lilret
1194 5624 1287 5666 eorum
1298 5606 1410 5664 seorsim
1423 5604 1619 5663 consideratum
1632 5599 1828 5659 intolerandum
1838 5603 1880 5652 est
1894 5636 1903 5662 ,

1115 5710 1242 5773 qnantum
1255 5700 1395 5757 tumultum
1406 5698 1494 5757 omnia
1504 5694 1688 5755 concurrentia
1701 5689 1838 5749 attulerint
1864 5696 1905 5742 te·
