4142 6342
286 312 338 390 tter
635 335 666 391 s.
685 335 825 393 toauuts
838 337 1074 396 cuarsosrottt
1095 317 1252 431 tucatur.
1271 343 1538 405 causaturum.
1622 354 1625 364 ·
1866 363 1918 420 aas

286 469 363 524 qm
376 467 444 536 Qui,
458 484 492 523 ,η
514 469 555 523 550,
567 468 675 538 quur-,m
698 471 843 541 pwqpopp,
863 474 1071 544 impudentiam,
1131 468 1176 526 put
1202 476 1280 516 suum
1303 463 1436 518 reclinet:
1454 464 1619 522 idendlcunt
1639 469 1664 524 ci
1686 469 1808 543 discipuli
1834 495 1840 530 :
1868 479 1917 533 ilii

286 575 374 632 tteqoe
388 559 686 632 ittqratumladaeorum
702 557 819 619 animam
838 565 936 630 desit,
958 569 1075 636 seipsum
1125 547 1164 603 uie
1188 567 1304 620 paremus
1329 553 1373 606 tibi
1397 557 1525 611 retrudere
1550 555 1674 614 Peerlml
1697 561 1773 629 Quod
1796 563 1917 621 Pascba?

287 650 481 721 tradit,atque
495 651 706 720 dicit:Quaudo
717 648 942 712 ostendieesilla
955 657 1072 730 aggredi,
1127 639 1285 708 ¹¹¹¹¹²¹l⁰¹¹¹¹¹r
1314 645 1383 714 (ΝΜ
1410 647 1435 701 ῙΙΙ
1461 646 1575 720 AEgypto
1606 651 1708 708 inmuni
1737 668 1913 726 ⁵¹¹¹¹¹P⁵0l²i³
1952 685 1954 688 ·

284 739 447 811 mmm
461 757 514 796 Μ
532 751 666 813 pomp,
689 745 759 800 „01⁰5
783 761 875 802 ,mum
894 749 1075 817 ‚mmmmm
1126 745 1188 783 naut
1211 732 1265 788 illic
1290 733 1364 790 initio
1388 735 1556 793 celebrarunt
1579 740 1653 796 illud.
1665 741 1754 815 Ecqua
1779 745 1812 802 dc
1836 763 1915 805 eausa

284 827 471 885 interemat
494 830 532 884 illi
557 831 671 899 uolatu,
693 833 740 889 sed
761 835 788 890 in
809 835 925 905 nequitia
949 851 1074 906 perseue-

284 928 346 974 rant
361 937 368 972 a
382 934 446 975 cece
457 921 588 990 meipsum
601 923 687 978 trado.

321 1007 382 1064 Nost
395 1012 541 1065 mammete
554 1013 646 1067 bouum
664 1031 817 1083 operamur,
828 1015 873 1069 teti
884 1017 1022 1071 uoluntate.
1039 1047 1075 1058 -

283 1097 420 1156 llaeedieo
435 1100 528 1166 uobis,
545 1117 578 1157 ne
595 1103 712 1174 quipiam
727 1103 861 1159 Christum
882 1116 1018 1171 accusent,
1031 1107 1073 1160 tli-

281 1199 396 1262 oentquc
412 1192 486 1247 :Cur
497 1209 551 1249 stou
566 1195 678 1249 uuttatit
688 1195 922 1252 ludanticuruon
936 1199 1072 1254 meliorem

282 1281 358 1338 illum
372 1281 479 1338 edeciti
492 1285 671 1355 ecquomodo
683 1287 904 1356 oportuitludatu
920 1300 1072 1358 temperan-

240 1416 248 1432 .
282 1383 336 1430 teta
351 1390 384 1430 ac
397 1377 508 1445 probum
529 1375 655 1432 cilicerel
668 1367 706 1432 'aa
718 1381 895 1446 necessitate,
913 1396 948 1434 an
961 1381 1073 1435 arbitrio

282 1465 353 1522 sttol
366 1463 393 1521 Si
410 1466 584 1530 necessitate,
599 1484 685 1539 neque
696 1469 738 1524 sic
759 1470 854 1524 melior
876 1472 981 1535 laturus.
996 1481 1071 1534 crat;

282 1570 362 1610 nerim
373 1555 470 1628 quippe
487 1557 645 1614 necessitate
664 1561 758 1615 melior
770 1559 901 1618 edicitur:
918 1562 939 1616 si
957 1578 1020 1617 acra
1040 1579 1071 1618 et

280 1645 394 1701 arbitrio
405 1656 433 1701 ct
447 1647 593 1728 uoluntate,
605 1642 696 1705 omnia
708 1650 811 1705 induxit
821 1667 867 1715 ca,
879 1669 937 1721 quar
949 1663 1073 1722 poteraut

280 1736 366 1806 ipsunt
379 1735 412 1793 ad
430 1738 530 1810 irnperu
544 1739 682 1795 reducere.
697 1739 773 1808 Quod
789 1742 811 1796 si
829 1742 874 1796 ille
889 1742 1006 1797 remedia
1020 1759 1074 1822 aa..

279 1825 330 1881 luit
342 1827 474 1896 accipere,
486 1844 537 1883 uon
548 1829 679 1896 medicus,
690 1831 737 1886 wd
749 1831 771 1886 is
789 1833 835 1902 qni
853 1833 1012 1890 medicinam
1027 1849 1071 1888 re·

279 1917 369 1987 spuit,
389 1918 415 1972 iu
436 1919 514 1988 eulpa
527 1928 578 1974 est.
596 1919 642 1975 Vis
654 1922 722 1976 scire
736 1930 833 1990 quauta
848 1921 941 1976 lecerit
962 1931 989 1975 ut
1010 1937 1071 1976 ema

274 2005 439 2080 reduceret?
452 2007 533 2062 batia
547 1997 680 2065 miracala¹
689 2019 717 2066 at
732 2011 831 2067 laceret
845 2011 935 2076 dedit,
950 2013 1072 2080 predixit

279 2096 318 2154 ilii
341 2112 393 2163 ea,
407 2113 467 2168 qua
486 2100 519 2153 ad
537 2099 714 2170 proditionem
729 2103 897 2172 spectabant,
919 2103 985 2159 nibil
1000 2115 1072 2159 retro

280 2189 388 2259 reliquit
398 2204 502 2257 eorutu
514 2205 574 2261 quc
584 2207 634 2263 pro
648 2192 779 2263 discipulo
792 2193 881 2250 lacere
896 2207 1023 2264 parerat.
1039 2196 1072 2250 Et

279 2285 309 2331 ut
321 2277 408 2332 distas
420 2294 501 2355 euru,
519 2294 582 2337 eunt
601 2283 699 2336 mutari
710 2292 816 2352 posset,
832 2284 965 2348 poluisse,
976 2286 1024 2338 sed
1039 2299 1071 2338 et

277 2367 339 2436 eius
350 2370 462 2439 septtitie
474 2380 558 2426 tetum
578 2371 727 2440 prodiisse:
741 2389 802 2428 cum
817 2373 978 2443 prodidisset
997 2390 1070 2439 curru,

277 2467 308 2514 et
320 2457 437 2516 luroreut
458 2475 536 2517 suam
552 2462 586 2517 ad
601 2462 680 2517 linem
700 2464 870 2530 deduxisset,
887 2465 1001 2536 l'rnjeeit
1022 2467 1055 2520 tri
1064 2496 1070 2508 ·

277 2548 350 2618 pista
363 2559 491 2619 urqemeos
504 2549 611 2617 dicens,
628 2549 735 2606 Peecttei
746 2554 847 2607 tradem
866 2555 1014 2626 mrtpttiuem
1028 2557 1071 2620 iu-

221 2685 229 2697 ,
272 2622 345 2691 'nm
358 2637 464 2708 (sarra.
477 2640 523 2695 sr.
535 2641 581 2712 s).
597 2644 681 2697 aare
699 2644 824 2706 arsetas,
839 2643 906 2710 mre
919 2645 994 2699 arua
1008 2647 1072 2700 mar

276 2728 357 2792 dore,
373 2740 397 2788 u
417 2747 462 2802 eqo
482 2730 550 2791 ruma
569 2734 668 2788 tradam
682 2735 838 2794 erraticum
857 2749 1070 2792 consarnmatam

243 2845 248 2852 ·
278 2817 328 2874 luit
337 2830 486 2895 peccabam
494 2831 558 2882 tuns
570 2832 708 2898 peccatura
719 2827 835 2900 epirotia.
849 2825 916 2881 ilinc
928 2827 1071 2884 eliseimas

283 2929 333 2970 nos
345 2930 405 2970 caut
418 2920 535 2986 segniter
547 2919 661 2989 aqimus,
671 2934 758 2991 neque
769 2915 876 2974 bartam
887 2933 973 2990 neque
983 2919 1071 2974 tutmi·

281 3007 317 3061 tis
329 3006 416 3078 jurari
426 3025 436 3073 ;
448 3023 510 3064 caut
524 3023 589 3066 vero
608 3009 788 3082 diligentem
810 3011 887 3065 trabis
907 3009 972 3082 ipsis
993 3025 1071 3080 posse

270 3095 545 3174 ‘resurgerer'leeunt
560 3101 632 3155 euim
645 3108 738 3170 reputa
751 3116 829 3165 eunt,
842 3114 903 3156 eum
920 3099 1072 3156 hortaretur

273 3183 425 3250 boninus,
436 3197 464 3242 et
479 3203 494 3244 a
514 3205 595 3258 piraeo
615 3190 732 3247 lacinore
748 3191 911 3260 deterreret,
926 3207 979 3247 nou
996 3192 1072 3246 autb-

270 3269 351 3332 'usse
363 3291 413 3332 nec
426 3276 599 3335 admonitioni
618 3281 837 3353 obtemperatum
851 3299 911 3338 caut
925 3298 990 3339 rora
1009 3283 1070 3337 rutl-

280 3367 323 3420 lne
334 3367 490 3440 admoneret
500 3407 508 3433 ,
520 3384 554 3424 ert
571 3369 675 3441 propria
694 3372 857 3428 conscientia
871 3373 1029 3438 surrexisse,
1043 3381 1071 3426 et

279 3457 387 3511 stetuiuc
408 3457 520 3532 docente
540 3469 667 3516 rutttatmu
681 3477 761 3529 esse,
777 3471 961 3533 trecentosque
975 3477 1071 3530 arpen·

279 3555 338 3603 leus
352 3549 505 3618 prttjecisse.
516 3549 721 3618 Curretituertmt,
737 3554 836 3624 iuquit,
851 3554 890 3609 illi
905 3555 1010 3625 triqimu
1027 3571 1069 3608 ur-

279 3647 379 3709 pentem
396 3637 500 3711 (latii.
514 3640 559 3696 bd.
579 3642 633 3712 idi.
646 3642 763 3699 Prmium
781 3645 917 3714 sanguinis
936 3644 1069 3714 deposne-

279 3741 342 3785 rttttt
354 3731 427 3786 nullo
435 3733 521 3801 prelio
530 3733 691 3789 aestimandi.
696 3733 855 3804 Caraccipis
864 3733 1068 3804 trigintarium-

264 3821 268 3831 '
279 3819 563 3886 consuscitaremur
572 3823 773 3879 renitilluistus
785 3839 834 3895 pro
842 3825 906 3880 orbe
914 3827 1069 3896 sauguinem

271 3911 419 3978 'edtrsurau
426 3930 474 3983 pro
481 3922 568 3983 quotu
579 3899 844 3984 tratte’ptctastatnis.
852 3899 920 3985 Quid
930 3917 1071 3988 impuden-

277 4001 331 4056 tius
340 3999 390 4056 bae
398 4000 584 4058 ctrrtreutlonei
595 4005 653 4074 quis
663 4005 739 4070 uidit,
747 4005 808 4074 quis
816 3997 916 4060 audivit
928 4007 1070 4077 umquam?

315 4093 333 4148 l
361 4091 416 4148 Sed
428 4104 458 4149 ut
476 4094 609 4151 &cemus
621 4099 691 4166 qmul
705 4098 740 4151 sit
752 4097 894 4152 discrimen
905 4099 1068 4168 proditorem

279 4181 351 4237 iuter
361 4191 389 4238 et
401 4182 555 4254 discipulos,
566 4186 710 4260 'audiamus
724 4206 731 4241 a
747 4188 835 4241 munla
848 4189 946 4257 quippe
957 4188 1070 4257 diligen·

278 4281 322 4328 ter
335 4273 412 4329 uobis
424 4285 531 4330 enarrat
544 4277 717 4347 euangelista.
730 4279 799 4334 Cum
822 4280 879 4334 bec
896 4277 1006 4343 llereut,
1029 4280 1069 4334 iu-

277 4365 354 4432 quita
369 4377 430 4418 eam
444 4363 560 4434 proditio
576 4368 751 4436 procederet,
767 4381 829 4441 cum
850 4367 932 4423 ladas
951 4369 1069 4438 seipsum

277 4451 405 4523 perdidit,
420 4469 482 4509 euru
495 4455 583 4524 iniqua
601 4457 647 4510 iila
658 4467 733 4525 pacta
749 4458 825 4522 iecit,
843 4472 904 4511 cum
917 4467 1069 4528 quaereret,

247 4603 252 4611 ,
280 4543 376 4615 inquit,
387 4547 624 4616 opportunitatem,
636 4557 665 4602 ut
676 4563 737 4603 etna
752 4550 887 4606 traderet:
900 4551 971 4606 Tarte
986 4566 1069 4607 oceu-

261 4643 363 4692 'sertutt
376 4637 496 4706 discipuli
509 4639 564 4711 ejus
577 4639 704 4695 dieentes:
714 4641 763 4695 titi
771 4641 808 4695 eis
820 4631 1069 4712 psrmtee'tt'bicom·

1125 819 1190 874 illud
1199 820 1320 879 Christus
1330 825 1469 882 celebrati
1482 827 1515 884 Ut
1528 832 1616 886 omnia
1630 832 1722 904 legalia
1736 838 1863 908 impleuit,
1878 845 1916 897 sie

1124 917 1154 963 ei
1175 910 1255 965 istud.
1268 912 1328 967 ltlco
1342 915 1436 970 ltmnui
1455 917 1581 975 dicebat:
1598 919 1644 977 Sic
1663 940 1709 979 uos
1722 926 1793 981 tieret
1812 929 1916 998 impiere

1123 1014 1224 1054 omnem
1234 1003 1360 1072 justitium
1373 1007 1382 1080 (
1395 1005 1488 1063 llnttlr.
1501 1011 1527 1066 e.
1543 1011 1576 1067 t5
1586 1011 1612 1082 ).“
1621 1011 1678 1068 Non
1693 1027 1811 1071 uostruut
1826 1021 1914 1090 igitur,

1125 1089 1174 1144 sed
1188 1089 1324 1150 ludaieuru
1341 1095 1441 1153 Pascite
1456 1115 1552 1171 parare
1564 1103 1688 1160 volebant
1701 1107 1832 1177 discipali.
1848 1111 1914 1166 Natu

1126 1177 1189 1236 illud
1203 1181 1324 1254 discipuli
1347 1199 1491 1257 pararunt,
1507 1205 1628 1249 nostrum
1652 1211 1715 1252 tero
1734 1198 1835 1256 Pascua
1857 1204 1915 1274 ipse

1125 1277 1292 1342 preparavit,
1307 1277 1361 1333 imo
1376 1281 1433 1352 ipse
1445 1280 1545 1338 Pasclta
1561 1299 1608 1355 per
1622 1291 1799 1345 venerandam
1815 1293 1915 1361 passio-

1124 1375 1273 1420 nemsuam
1287 1367 1397 1428 ellectus
1410 1381 1461 1426 est.
1474 1371 1528 1427 Cur
1546 1386 1609 1445 erqo
1623 1376 1819 1449 adpersionem
1834 1397 1913 1440 acee-

1124 1451 1184 1506 ditl
1199 1451 1234 1510 tta
1246 1471 1294 1512 uos
1307 1458 1448 1516 redimeret
1463 1477 1479 1516 a
1493 1463 1634 1520 maledicto
1649 1468 1723 1538 logis.
1736 1469 1913 1537 Quamobrem

1125 1541 1222 1600 Paulus
1232 1545 1361 1603 clamabat
1374 1568 1381 1602 :
1396 1548 1469 1606 llicit
1488 1552 1556 1628 Deae
1569 1553 1665 1610 Filium
1679 1575 1762 1623 suum,
1777 1564 1872 1632 suetum
1883 1579 1916 1618 ee

1124 1632 1239 1700 muliere,
1254 1638 1349 1706 sactum
1361 1641 1408 1694 aab
1421 1640 1485 1711 ieqe,
1501 1653 1528 1695 ut
1541 1659 1583 1699 eor
1594 1647 1637 1714 qui
1650 1647 1697 1701 rub
1715 1650 1767 1719 icqe
1783 1661 1855 1704 erum
1873 1667 1913 1706 re-

1123 1722 1228 1778 dimeret
1241 1723 1338 1796 (Galat.
1352 1729 1378 1784 i.
1394 1731 1420 1784 l.
1434 1731 1472 1799 5).
1488 1731 1525 1787 lie
1535 1735 1594 1803 qais
1607 1751 1670 1806 erqo
1682 1737 1792 1805 diceret,
1808 1740 1869 1796 ideo
1881 1742 1914 1796 il·

1124 1811 1181 1870 latu
1191 1815 1352 1885 abrogasse,
1367 1821 1428 1888 qaia
1445 1822 1517 1876 iilam
1536 1824 1646 1892 impiere
1666 1841 1718 1881 non
1734 1837 1856 1897 poterat,
1873 1838 1915 1884 ut·
1994 1866 1996 1868 -

1124 1913 1187 1972 pote
1200 1917 1319 1974 grauem,
1334 1921 1475 1965 onerosam
1489 1921 1516 1968 et
1529 1912 1682 1978 dillieilem;
1696 1915 1755 1972 ideo
1768 1932 1828 1972 cunt
1841 1919 1914 1974 illam

1124 2001 1206 2052 tutata
1230 1996 1411 2066 implevisset,
1428 2010 1490 2058 tame
1510 2004 1592 2073 ipsam
1607 2005 1812 2074 solvitsldcirco
1825 2016 1852 2063 et
1865 2009 1914 2064 Pa-

1124 2086 1186 2139 sclta
1203 2085 1265 2142 lecit
1279 2105 1285 2142 :
1300 2088 1365 2160 legis
1377 2093 1448 2148 euim
1472 2096 1625 2150 mamistam
1648 2097 1714 2167 ipsis
1729 2107 1787 2154 erat
1806 2100 1916 2156 Pascltm

1123 2177 1289 2233 solemnitas.
1298 2180 1376 2236 andi.
1388 2181 1484 2252 ingrati
1494 2201 1556 2255 erga
1568 2187 1718 2244 neaeman
1729 2199 1806 2245 erant
1817 2190 1913 2254 ludtei,

1123 2267 1212 2322 statim
1225 2283 1277 2340 que
1287 2271 1397 2330 benellei
1411 2276 1643 2332 obliviscebantur.
1660 2277 1741 2350 ldque
1755 2289 1783 2336 ιιι
1792 2293 1915 2339 accurate

1122 2355 1232 2413 discas:
1248 2361 1348 2431 egressi
1362 2374 1425 2418 saut
1440 2381 1471 2419 cs
1482 2364 1608 2438 AEgppto,
1621 2383 1695 2426 mare
1710 2370 1827 2426 lialrrtun
1839 2381 1914 2426 trau·

1123 2449 1244 2516 sieruttt,
1260 2451 1347 2522 ipsura
1361 2454 1483 2510 viderant
1510 2459 1641 2522 scissum,
1663 2475 1806 2529 rursusque
1827 2463 1914 2517 cattle·

1123 2549 1202 2598 scens
1222 2561 1229 2598 ε
1247 2559 1296 2599 nee
1321 2545 1404 2600 multo
1422 2548 1513 2618 elapso
1535 2557 1655 2622 tempore
1679 2551 1769 2605 dicunt
1792 2552 1912 2606 aaroni:
1990 2615 1993 2618 ¹

1123 2623 1179 2688 Pae
1192 2635 1263 2690 abbir
1277 2638 1348 2703 dees,
1363 2639 1406 2709 qui
1420 2641 1561 2709 precedam
1574 2657 1619 2696 uos
1632 2641 1730 2712 (Eaed-
1743 2643 1787 2698 52.
1797 2645 1834 2708 Ι).
1845 2643 1914 2710 Quid

1122 2723 1203 2789 dicis,
1221 2726 1322 2798 ingrate
1339 2728 1456 2785 ludaei
1469 2739 1507 2784 tot
1519 2732 1613 2786 taliane
1628 2733 1753 2787 miracula
1769 2733 1873 2797 uidisti,
1888 2743 1915 2788 ct

1122 2817 1220 2873 oblitus
1230 2833 1260 2874 es
1273 2819 1331 2887 liei,
1339 2821 1525 2892 quiteuutrit,
1536 2839 1622 2894 neque
1632 2825 1744 2880 beuellci
1753 2827 1914 2882 tuentiottem
1945 2857 1948 2864 ⁴

1124 2905 1210 2964 incisi
1221 2907 1287 2975 Quia
1303 2910 1384 2981 igitur
1397 2913 1623 2968 obliviscebantur
1634 2914 1822 2969 bcnelleiorutu
1836 2915 1915 2982 ejus,

1123 2995 1294 3054 lestiritetam
1305 3001 1916 3072 argumentobeusdonormacommemoratin·

1122 3103 1184 3143 nem
1198 3088 1350 3157 adstrinxit,
1360 3101 1389 3145 ut
1404 3093 1484 3146 velint
1499 3092 1583 3148 unlittt
1596 3103 1747 3148 mattetttem
1758 3093 1915 3150 memoriam

1122 3179 1247 3236 babeant.
1263 3181 1298 3238 Et
1311 3181 1348 3242 itti
1360 3183 1468 3253 quidem
1488 3185 1527 3240 sie
1543 3203 1549 3238 :
1565 3185 1666 3255 quare?
1682 3183 1716 3240 tu
1728 3201 1786 3238 eum
1805 3187 1914 3240 iuterro-

1122 3273 1218 3342 qstterit
1232 3282 1256 3327 te
1268 3273 1338 3342 etim
1351 3281 1426 3339 teuc,
1437 3274 1506 3343 Qttitl
1520 3287 1562 3330 est
1582 3275 1651 3330 boc?
1664 3277 1737 3331 dicas
1750 3293 1757 3328 ε
1771 3273 1839 3344 Quia
1851 3267 1914 3346 eqni

1120 3361 1202 3434 sajus
1219 3363 1347 3434 sanquine
1364 3364 1503 3435 januarum
1520 3365 1611 3428 limina
1626 3375 1772 3430 anscmnt,
1787 3377 1916 3422 mortem·

1120 3467 1176 3524 que
1207 3453 1373 3526 ellegerunt,
1399 3471 1479 3526 qaam
1503 3466 1621 3512 vastator
1648 3457 1759 3528 angelus
1782 3455 1916 3529 AEqyptiis

1119 3543 1247 3600 omnibns
1267 3543 1383 3600 intulit:
1406 3555 1567 3616 propterque
1588 3546 1658 3602 bunc
1683 3548 1837 3618 sanquinem
1861 3558 1915 3601 riou

1120 3636 1208 3708 poerit
1226 3637 1328 3693 irruere
1342 3645 1370 3694 et
1388 3637 1490 3708 plagam
1515 3638 1643 3708 ittlliqere.
1658 3637 1696 3693 lili
1718 3639 1807 3708 itaque
1822 3638 1914 3700 inuiti.

1120 3725 1167 3781 liic
1189 3741 1254 3782 verta
1274 3728 1367 3782 lubens
1388 3725 1511 3783 Citristns
1534 3729 1694 3784 immolatur.
1710 3729 1823 3797 thuei
1847 3731 1915 3796 Quia

1121 3815 1186 3871 iliad
1199 3817 1344 3886 eratbguta
1356 3817 1500 3886 spiritualis
1508 3818 1644 3872 Pascbatis
1666 3818 1699 3874 Ut
1711 3819 1735 3873 id
1745 3819 1915 3878 uoerrdiscas.

1123 3909 1183 3963 ride
1192 3918 1290 3978 quauta
1299 3909 1334 3963 sit
1347 3906 1572 3978 allinitas.bgrtns
1586 3917 1611 3964 et
1620 3923 1720 3979 agnon
1733 3909 1780 3962 scd
1793 3911 1836 3964 iilo
1849 3910 1917 3962 irra-

1121 4000 1238 4064 tionalis,
1254 4001 1296 4055 bic
1309 4001 1463 4058 rationalis:
1478 4003 1535 4055 ocis
1547 4012 1574 4056 et
1586 4002 1653 4063 nris,
1663 4001 1915 4063 animumanimum

1120 4091 1170 4146 sed
1182 4093 1301 4161 appatuit
1317 4091 1362 4147 sot
1374 4093 1501 4161 institiae,
1514 4103 1542 4148 et
1554 4093 1647 4147 utulua
1659 4091 1773 4147 cessauit
1787 4109 1795 4145 s
1809 4091 1917 4146 breente

1114 4198 1237 4253 uanique
1256 4181 1447 4254 sole‚'laqattu
1470 4185 1572 4239 umbra.
1589 4183 1704 4256 ldaoqtte
1729 4199 1814 4255 agtuts
1833 4183 1915 4238 etiarn

1115 4275 1149 4329 -irt
1175 4289 1266 4330 measa
1291 4276 1453 4346 mysticum
1466 4277 1594 4346 sanquine
1615 4275 1685 4330 illins
1706 4275 1915 4364 sanctificemur.

1116 4365 1300 4433 Quamobrem
1313 4367 1456 4421 accedente
1470 4368 1542 4428 soie,
1558 4367 1665 4421 lacman
1685 4383 1738 4421 nou
1753 4368 1820 4424 ultra
1833 4383 1916 4437 appa-

1123 4467 1181 4512 reat
1192 4475 1198 4510 a
1209 4472 1271 4512 narn
1282 4473 1341 4526 qum
1349 4464 1404 4510 tum
1418 4457 1486 4511 lacta
1497 4466 1560 4510 sant
1568 4458 1658 4528 ligarat
1669 4467 1746 4512 eram
1755 4461 1914 4514 iirturorum.

1158 4550 1186 4606 5·
1198 4549 1293 4604 &nun
1303 4545 1419 4603 ledeos.
1439 4547 1501 4602 Vide
1514 4550 1540 4602 in
1556 4547 1681 4602 llotrtiliis.
1697 4559 1786 4604 eostre
1803 4547 1914 4614 eosdem,

1125 4637 1156 4692 Τ.
1172 4639 1197 4691 l.
1210 4667 1246 4678 -
1269 4637 1332 4692 llaec
1354 4636 1455 4694 ladmis
1476 4637 1555 4701 dico,
1579 4653 1612 4692 ne
1633 4639 1736 4707 seipsas
1750 4639 1915 4708 decipientes

277 4727 351 4783 edere
379 4726 482 4783 Pascite
498 4732 510 4800 l
524 4729 618 4784 Hattlt.
633 4731 679 4785 96.
706 4732 770 4802 titt
789 4731 883 4788 Vidisti
903 4733 1069 4803 discipulos,
1112 4739 1216 4799 puteat
1235 4745 1266 4786 se
1278 4729 1378 4785 Paseba
1395 4730 1531 4785 celebrare
1545 4746 1553 4793 ;
1568 4731 1629 4798 qaia
1643 4729 1789 4799 impudenti
1803 4730 1916 4786 consilio

276 4817 367 4873 vidisti
380 4818 559 4888 discipulum!
572 4819 620 4875 llle
635 4814 831 4890 proditionem,
845 4822 872 4875 bi
891 4823 1068 4878 ministerium
1122 4837 1215 4892 azyma
1227 4824 1349 4891 accipere
1364 4831 1542 4891 preaennnt,
1557 4829 1584 4875 et
1599 4819 1694 4875 lestunt
1709 4821 1856 4888 objiciunt,
1869 4820 1915 4889 qui

276 4901 428 4966 unuani:
443 4911 575 4982 ittepacta
588 4913 672 4968 inibat
680 4921 708 4968 et
720 4913 848 4968 bortrinioi
859 4915 996 4984 sanpntqis
1006 4927 1069 4984 pre·
1110 4925 1230 4980 ¹semper
1252 4911 1427 4966 incircumcisi
1443 4919 1506 4965 satit
1518 4911 1615 4976 corde,
1630 4920 1657 4964 et
1670 4909 1779 4964 auribus
1798 4911 1916 4980 praviter

261 4999 342 5055 ¹tium
354 4999 476 5072 accipere
488 5003 638 5074 utsgebat,
652 4999 680 5059 tt
699 5005 734 5058 ad
747 5003 904 5059 lamulstum
918 5019 947 5059 se
966 5019 1069 5074 praepa·
1111 5003 1241 5058 -eudinnn
1250 5002 1400 5070 thmado,
1411 5016 1512 5072 queso,
1527 5001 1627 5057 Pascha
1640 5001 1772 5068 celsium,
1782 5001 1916 5056 olodaeel

276 5088 392 5146 rettulit
402 5090 446 5146 bic
456 5099 486 5147 et
499 5092 536 5147 illl
548 5093 642 5150 iisdem
655 5093 790 5148 miraculis
801 5093 964 5160 damant,
974 5093 1067 5148 eadesu
1112 5092 1261 5161 ·Tentplum
1277 5091 1335 5146 solo
1348 5101 1480 5161 arquautm
1494 5101 1545 5158 est,
1560 5091 1644 5146 altare
1657 5091 1808 5156 sublatum,
1821 5099 1913 5144 sancta

274 5180 397 5235 doctrina
412 5181 505 5236 imbuti
519 5195 595 5238 erum
608 5199 615 5245 :
629 5182 764 5238 undenam
777 5197 842 5254 erqo
852 5183 1017 5239 discrimen?
1030 5183 1068 5238 Es
1121 5191 1273 5238 sauctorum
1296 5182 1466 5245 tenuaicum,
1490 5196 1571 5236 ornae
1592 5180 1752 5236 sacriticium
1775 5181 1912 5234 solutum:

275 5273 500 5331 mucamitem
519 5286 547 5329 ct
565 5276 696 5329 imarum
715 5283 744 5329 et
763 5274 894 5330 beorum
914 5289 994 5329 eausa
1015 5286 1068 5329 est.
1109 5288 1170 5330 cur
1183 5288 1248 5345 ergo
1263 5273 1430 5344 prevaricari
1442 5272 1544 5328 aadesi
1558 5273 1653 5328 abiisti
1668 5265 1811 5343 aliquando
1825 5273 1914 5345 Baby·

277 5363 393 5434 lespera
417 5366 462 5423 illa
485 5377 544 5423 erat
559 5381 621 5421 cum
633 5365 756 5434 discipali
782 5367 839 5420 itare
858 5365 1067 5433 diceretttQuid
1110 5364 1229 5426 donem.
1245 5363 1341 5421 audisti
1356 5364 1461 5434 eosqui
1478 5364 1913 5434 captirnsdttscrantrostliocu·

279 5453 345 5509 iliud
358 5460 408 5519 est,
422 5455 473 5510 titi
483 5457 519 5510 eis
532 5471 650 5525 peresum
662 5455 706 5509 titt
716 5457 845 5510 comedere
857 5455 983 5510 Perelio?
1001 5455 1070 5510 llius
1108 5463 1180 5522 ties,
1201 5455 1306 5510 Cautute
1319 5455 1390 5511 uobis
1411 5455 1535 5510 cauticum
1558 5452 1661 5508 boatu
1681 5453 1776 5525 (Paul.
1789 5453 1851 5510 tte.
1865 5453 1912 5521 ὅ),

277 5545 422 5602 ediscimus
433 5563 487 5602 nos
500 5556 598 5602 statum
608 5548 770 5604 domicilium
784 5549 910 5604 babuisse
919 5545 1067 5609 Christum.
1120 5554 1149 5602 et
1170 5563 1223 5602 uon
1249 5547 1340 5604 tulisti.
1368 5546 1402 5602 Et
1424 5561 1472 5601 cur
1496 5555 1570 5600 extra
1592 5543 1786 5615 lerosolymam
1810 5542 1913 5600 Pasclm

277 5634 395 5692 Audierat
424 5639 469 5708 qui
494 5639 647 5708 splendidas
666 5649 823 5695 construant
845 5639 950 5705 domos,
963 5639 1068 5710 ampla·
1119 5637 1256 5700 celebras,
1279 5639 1323 5708 qui
1342 5637 1443 5702 dixisti,
1465 5635 1596 5703 Quantodo
1615 5635 1771 5690 cantabimur
1784 5637 1912 5690 emmam

174 5723 179 5734 '
273 5742 327 5798 que
351 5737 426 5800 septa
438 5769 446 5794 ‚
459 5729 531 5800 qaod
553 5729 622 5786 iiim
644 5729 760 5786 bonilatis
774 5730 941 5787 ooabalrcat
958 5730 1002 5786 alti
1016 5746 1062 5786 ca·
1123 5730 1226 5785 Danuui
1240 5727 1535 5798 interturbationem.
1549 5745 1573 5784 a.
1585 5727 1640 5799 ill
1654 5729 1686 5784 Et
1698 5728 1756 5784 bac
1769 5729 1910 5784 declarans
